
<record>
  <leader>00521cz  a2200157n  4500</leader>
  <controlfield tag="001">18703</controlfield>
  <controlfield tag="003">DLC</controlfield>
  <controlfield tag="005">20200102134752.0</controlfield>
  <controlfield tag="008">780818n| azannaabn          |a aaa      </controlfield>
  <datafield tag="010" ind1=" " ind2=" ">
    <subfield code="a">n  78054618 </subfield>
  </datafield>
  <datafield tag="035" ind1=" " ind2=" ">
    <subfield code="a">(OCoLC)oca00190392</subfield>
  </datafield>
  <datafield tag="040" ind1=" " ind2=" ">
    <subfield code="a">DLC</subfield>
    <subfield code="b">eng</subfield>
    <subfield code="e">rda</subfield>
    <subfield code="c">DLC</subfield>
    <subfield code="d">OCoLC</subfield>
    <subfield code="d">DLC</subfield>
  </datafield>
  <datafield tag="100" ind1="1" ind2=" ">
    <subfield code="a">Zhdanov, G. V.</subfield>
    <subfield code="q">(Georgiĭ Vladimirovich)</subfield>
  </datafield>
  <datafield tag="400" ind1="1" ind2=" ">
    <subfield code="w">nnea</subfield>
    <subfield code="a">Zhdanov, Georgiĭ Vladimirovich</subfield>
  </datafield>
  <datafield tag="670" ind1=" " ind2=" ">
    <subfield code="a">Ivanov, V. D. Turistskie marshruty ... 1978 (a.e.)</subfield>
    <subfield code="b">t.p. (G. V. Zhdanov) verso t.p. (Georgiĭ Vladimirovich Zhdanov)</subfield>
  </datafield>
  <datafield tag="953" ind1=" " ind2=" ">
    <subfield code="a">ee24</subfield>
  </datafield>
</record>