
<record>
  <leader>00757cz  a2200205n  4500</leader>
  <controlfield tag="001">43944</controlfield>
  <controlfield tag="003">DLC</controlfield>
  <controlfield tag="005">20200102131402.0</controlfield>
  <controlfield tag="008">800530n| azannaabn          |n aaa      </controlfield>
  <datafield tag="010" ind1=" " ind2=" ">
    <subfield code="a">n  80067118 </subfield>
  </datafield>
  <datafield tag="035" ind1=" " ind2=" ">
    <subfield code="a">(OCoLC)oca00448665</subfield>
  </datafield>
  <datafield tag="040" ind1=" " ind2=" ">
    <subfield code="a">DLC</subfield>
    <subfield code="b">eng</subfield>
    <subfield code="c">DLC</subfield>
    <subfield code="d">StEdNL</subfield>
    <subfield code="e">rda</subfield>
    <subfield code="d">DLC</subfield>
  </datafield>
  <datafield tag="100" ind1="1" ind2=" ">
    <subfield code="a">Daiches, David,</subfield>
    <subfield code="d">1912-2005</subfield>
  </datafield>
  <datafield tag="400" ind1="1" ind2=" ">
    <subfield code="a">Dītsish, Dīvīd,</subfield>
    <subfield code="d">1912-2005</subfield>
  </datafield>
  <datafield tag="400" ind1="1" ind2=" ">
    <subfield code="a">ديتسش،ديڤيد ‏ ,</subfield>
    <subfield code="d">1912-2005</subfield>
  </datafield>
  <datafield tag="670" ind1=" " ind2=" ">
    <subfield code="a">His The place of meaning in poetry ... 1935.</subfield>
  </datafield>
  <datafield tag="670" ind1=" " ind2=" ">
    <subfield code="a">The Guardian, July 18, 2005:</subfield>
    <subfield code="b">obit. (David Daiches; b. in Sunderland; critic, historian, writer, b. Sept. 2 1912; d. July 15 2005)</subfield>
  </datafield>
  <datafield tag="670" ind1=" " ind2=" ">
    <subfield code="a">Manāhij al-naqd al-adabī:</subfield>
    <subfield code="b">title page (ديڤيد ديتسش = Dīvīd Dītsish)</subfield>
  </datafield>
  <datafield tag="952" ind1=" " ind2=" ">
    <subfield code="a">RETRO</subfield>
  </datafield>
  <datafield tag="953" ind1=" " ind2=" ">
    <subfield code="a">cm11</subfield>
  </datafield>
</record>