
<record>
  <leader>00901cz  a2200217n  4500</leader>
  <controlfield tag="001">49027</controlfield>
  <controlfield tag="003">DLC</controlfield>
  <controlfield tag="005">20200102134323.0</controlfield>
  <controlfield tag="008">800922n| azannaabn          |b aaa      </controlfield>
  <datafield tag="010" ind1=" " ind2=" ">
    <subfield code="a">n  80119968 </subfield>
  </datafield>
  <datafield tag="035" ind1=" " ind2=" ">
    <subfield code="a">(OCoLC)oca00500574</subfield>
  </datafield>
  <datafield tag="040" ind1=" " ind2=" ">
    <subfield code="a">DLC</subfield>
    <subfield code="b">eng</subfield>
    <subfield code="e">rda</subfield>
    <subfield code="c">DLC</subfield>
    <subfield code="d">DLC</subfield>
    <subfield code="d">ICU</subfield>
    <subfield code="d">DLC</subfield>
  </datafield>
  <datafield tag="100" ind1="1" ind2=" ">
    <subfield code="a">Zhdanov, A. A.</subfield>
    <subfield code="q">(Andreĭ Andreevich)</subfield>
  </datafield>
  <datafield tag="372" ind1=" " ind2=" ">
    <subfield code="a">Law</subfield>
    <subfield code="2">lcsh</subfield>
  </datafield>
  <datafield tag="400" ind1="1" ind2=" ">
    <subfield code="w">nnea</subfield>
    <subfield code="a">Zhdanov, Andreĭ Andreevich</subfield>
  </datafield>
  <datafield tag="400" ind1="1" ind2=" ">
    <subfield code="a">Жданов, А. А.</subfield>
    <subfield code="q">(Андрей Андреевич)</subfield>
  </datafield>
  <datafield tag="400" ind1="1" ind2=" ">
    <subfield code="a">Жданов, Андрей Андреевич</subfield>
  </datafield>
  <datafield tag="667" ind1=" " ind2=" ">
    <subfield code="a">Non-Latin script reference not evaluated.</subfield>
  </datafield>
  <datafield tag="670" ind1=" " ind2=" ">
    <subfield code="a">His Okhrana lesnykh i vodnykh bogatstv v SSSR, 1958:</subfield>
    <subfield code="b">t.p. (А.А. Жданов = A A. Zhdanov) colophon (Andreĭ Andreevich Zhdanov)</subfield>
  </datafield>
  <datafield tag="670" ind1=" " ind2=" ">
    <subfield code="a">His Administrativnoe pravo burzhuaznykh gosudarstv, 1979- :</subfield>
    <subfield code="b">v. 1, t.p. (A. A. Zhdanov) colophon (Andreĭ Andreevich Zhdanov)</subfield>
  </datafield>
  <datafield tag="953" ind1=" " ind2=" ">
    <subfield code="a">ee30</subfield>
    <subfield code="b">td03</subfield>
  </datafield>
</record>