
<record>
  <leader>00981cz  a2200217n  4500</leader>
  <controlfield tag="001">64502</controlfield>
  <controlfield tag="003">DLC</controlfield>
  <controlfield tag="005">20200102073107.0</controlfield>
  <controlfield tag="008">811008n| azannaabn          |a aaa      </controlfield>
  <datafield tag="010" ind1=" " ind2=" ">
    <subfield code="a">n  81112668 </subfield>
  </datafield>
  <datafield tag="035" ind1=" " ind2=" ">
    <subfield code="a">(OCoLC)oca00657697</subfield>
  </datafield>
  <datafield tag="040" ind1=" " ind2=" ">
    <subfield code="a">DLC</subfield>
    <subfield code="b">eng</subfield>
    <subfield code="c">DLC</subfield>
    <subfield code="d">DLC</subfield>
    <subfield code="e">rda</subfield>
    <subfield code="d">MdRoLAC</subfield>
  </datafield>
  <datafield tag="100" ind1="1" ind2=" ">
    <subfield code="a">D&apos;Auria, R.</subfield>
  </datafield>
  <datafield tag="372" ind1=" " ind2=" ">
    <subfield code="a">Science</subfield>
    <subfield code="2">lcsh</subfield>
  </datafield>
  <datafield tag="373" ind1=" " ind2=" ">
    <subfield code="a">Politecnico di Torino</subfield>
    <subfield code="2">naf</subfield>
  </datafield>
  <datafield tag="400" ind1="1" ind2=" ">
    <subfield code="a">Auria, R. D&apos;</subfield>
  </datafield>
  <datafield tag="400" ind1="1" ind2=" ">
    <subfield code="a">D&apos;Auria, Riccardo</subfield>
  </datafield>
  <datafield tag="670" ind1=" " ind2=" ">
    <subfield code="a">Author&apos;s Graded-lie-algebra cohomology and supergravity, 1980:</subfield>
    <subfield code="b">t.p. (R. D&apos;Auria)</subfield>
  </datafield>
  <datafield tag="670" ind1=" " ind2=" ">
    <subfield code="a">Meeting on Superunification and Extra Dimensions (1st : 1985 : Turin, Italy). 1st Torino Meeting on Superunification and Extra Dimensions, c1986:</subfield>
    <subfield code="b">CIP t.p. (R. D&apos;Auria) data sheet (Riccardo D&apos;Auria)</subfield>
  </datafield>
  <datafield tag="670" ind1=" " ind2=" ">
    <subfield code="a">Researchgate profile, viewed 31 December 2019:</subfield>
    <subfield code="b">(Riccardo D&apos;Auria Politecnico di Torino polito · DISAT - Department of Applied Science and Technology)</subfield>
    <subfield code="u">https://www.researchgate.net/profile/Riccardo_DAURIA</subfield>
  </datafield>
  <datafield tag="953" ind1=" " ind2=" ">
    <subfield code="a">ea15</subfield>
    <subfield code="b">tc04</subfield>
  </datafield>
</record>