
<record>
  <leader>01413cz  a2200337n  4500</leader>
  <controlfield tag="001">67609</controlfield>
  <controlfield tag="003">DLC</controlfield>
  <controlfield tag="005">20200102054934.0</controlfield>
  <controlfield tag="008">811216n| azannaabn          |a aaa      </controlfield>
  <datafield tag="010" ind1=" " ind2=" ">
    <subfield code="a">n  81144198 </subfield>
    <subfield code="z">no 99078262 </subfield>
  </datafield>
  <datafield tag="035" ind1=" " ind2=" ">
    <subfield code="a">(OCoLC)oca00688982</subfield>
  </datafield>
  <datafield tag="040" ind1=" " ind2=" ">
    <subfield code="a">DLC</subfield>
    <subfield code="b">eng</subfield>
    <subfield code="c">DLC</subfield>
    <subfield code="d">DLC</subfield>
    <subfield code="d">OCoLC</subfield>
    <subfield code="d">DLC</subfield>
    <subfield code="e">rda</subfield>
  </datafield>
  <datafield tag="046" ind1=" " ind2=" ">
    <subfield code="f">1934-05-31</subfield>
    <subfield code="g">2018-05-09</subfield>
    <subfield code="2">edtf</subfield>
  </datafield>
  <datafield tag="053" ind1=" " ind2="0">
    <subfield code="a">PK1859.S487</subfield>
  </datafield>
  <datafield tag="100" ind1="1" ind2=" ">
    <subfield code="a">Śarmā, Bhagavatī Kumāra,</subfield>
    <subfield code="d">1934-2018</subfield>
  </datafield>
  <datafield tag="400" ind1="1" ind2=" ">
    <subfield code="w">nnea</subfield>
    <subfield code="a">Sharma, Bhagvatikumar Hargovind,</subfield>
    <subfield code="d">1934-2018</subfield>
  </datafield>
  <datafield tag="372" ind1=" " ind2=" ">
    <subfield code="a">Literature</subfield>
    <subfield code="a">Journalism</subfield>
  </datafield>
  <datafield tag="375" ind1=" " ind2=" ">
    <subfield code="a">Males</subfield>
    <subfield code="2">lcdgt</subfield>
  </datafield>
  <datafield tag="377" ind1=" " ind2=" ">
    <subfield code="a">guj</subfield>
  </datafield>
  <datafield tag="400" ind1="0" ind2=" ">
    <subfield code="a">Bhagirath,</subfield>
    <subfield code="d">1934-</subfield>
  </datafield>
  <datafield tag="400" ind1="1" ind2=" ">
    <subfield code="a">Śarmā, Bhagavatīkumāra Ha.,</subfield>
    <subfield code="d">1934-2018</subfield>
  </datafield>
  <datafield tag="400" ind1="1" ind2=" ">
    <subfield code="a">Śarmā, Bhagavatīkumāra,</subfield>
    <subfield code="d">1934-2018</subfield>
  </datafield>
  <datafield tag="400" ind1="1" ind2=" ">
    <subfield code="a">Śarmā, Bhagvatī H.,</subfield>
    <subfield code="d">1934-2018</subfield>
  </datafield>
  <datafield tag="400" ind1="1" ind2=" ">
    <subfield code="a">Sharma, Bhagwatikumar,</subfield>
    <subfield code="d">1934-2018</subfield>
  </datafield>
  <datafield tag="670" ind1=" " ind2=" ">
    <subfield code="a">Author&apos;s Rātarāṇī, 1964.</subfield>
  </datafield>
  <datafield tag="670" ind1=" " ind2=" ">
    <subfield code="a">His Dvāra nahīṃ khule, 1992:</subfield>
    <subfield code="b">t.p. (Bhagavatī Kumāra Śarmā) t.p. verso (Bhagwatikumar Sharma)</subfield>
  </datafield>
  <datafield tag="670" ind1=" " ind2=" ">
    <subfield code="a">Asūryaloka, 1994:</subfield>
    <subfield code="b">t.p. (Bhagavatīkumāra Śarmā)</subfield>
  </datafield>
  <datafield tag="670" ind1=" " ind2=" ">
    <subfield code="a">Who&apos;s who of Indian writers, 1999</subfield>
    <subfield code="b">(entry: Sharma, Bhagwatikumar Hargovind; b. May 31, 1934; fiction writer; editor of Gujarat Mitra)</subfield>
  </datafield>
  <datafield tag="670" ind1=" " ind2=" ">
    <subfield code="a">Bhagavatīkumāra Śarmāno vārtāvaibhava, 2019:</subfield>
    <subfield code="b">page v (Bhagavatikumara Sarma; born on May 31, 1934; died on May 09, 2018)</subfield>
  </datafield>
  <datafield tag="952" ind1=" " ind2=" ">
    <subfield code="a">RETRO</subfield>
  </datafield>
  <datafield tag="953" ind1=" " ind2=" ">
    <subfield code="a">xx00</subfield>
    <subfield code="b">cg09</subfield>
  </datafield>
</record>