
<record>
  <leader>00479cz  a2200145n  4500</leader>
  <controlfield tag="001">267393</controlfield>
  <controlfield tag="003">DLC</controlfield>
  <controlfield tag="005">20200102153419.0</controlfield>
  <controlfield tag="008">901211n| azannaab           |a aaa      </controlfield>
  <datafield tag="010" ind1=" " ind2=" ">
    <subfield code="a">n  90723128 </subfield>
  </datafield>
  <datafield tag="035" ind1=" " ind2=" ">
    <subfield code="a">(DLC)n  90723128</subfield>
  </datafield>
  <datafield tag="040" ind1=" " ind2=" ">
    <subfield code="a">DLC</subfield>
    <subfield code="c">DLC</subfield>
    <subfield code="e">rda</subfield>
    <subfield code="d">DLC</subfield>
  </datafield>
  <datafield tag="100" ind1="1" ind2=" ">
    <subfield code="a">Thomson, Ronald Bruce</subfield>
  </datafield>
  <datafield tag="400" ind1="1" ind2=" ">
    <subfield code="a">Thomson, Ron</subfield>
  </datafield>
  <datafield tag="670" ind1=" " ind2=" ">
    <subfield code="a">His Independence National Historical Park, c1990:</subfield>
    <subfield code="b">t.p. (Ronald Bruce Thomson; Ron Thompson; Nat. Park Service, specialist in Mid-Atlantic Regional Office)</subfield>
  </datafield>
</record>