
<record>
  <leader>00507cz  a2200157n  4500</leader>
  <controlfield tag="001">495826</controlfield>
  <controlfield tag="003">DLC</controlfield>
  <controlfield tag="005">20200102142012.0</controlfield>
  <controlfield tag="008">790719n| azannaabn          |a aaa      </controlfield>
  <datafield tag="010" ind1=" " ind2=" ">
    <subfield code="a">n  79080605 </subfield>
  </datafield>
  <datafield tag="035" ind1=" " ind2=" ">
    <subfield code="a">(OCoLC)oca00313165</subfield>
  </datafield>
  <datafield tag="040" ind1=" " ind2=" ">
    <subfield code="a">DLC</subfield>
    <subfield code="b">eng</subfield>
    <subfield code="e">rda</subfield>
    <subfield code="c">DLC</subfield>
    <subfield code="d">OCoLC</subfield>
    <subfield code="d">DLC</subfield>
  </datafield>
  <datafield tag="100" ind1="1" ind2=" ">
    <subfield code="a">Bazhenov, G. N.</subfield>
    <subfield code="q">(Genrikh Nikolaevich)</subfield>
  </datafield>
  <datafield tag="400" ind1="1" ind2=" ">
    <subfield code="w">nnea</subfield>
    <subfield code="a">Bazhenov, Genrikh Nikolaevich</subfield>
  </datafield>
  <datafield tag="670" ind1=" " ind2=" ">
    <subfield code="a">His SSSR-SShA, delovoe sotrudnichestvo, 1978:</subfield>
    <subfield code="b">t.p. (G. N. Bazhenov) colophon (Genrikh Nikolaevich Bazhenov)</subfield>
  </datafield>
  <datafield tag="953" ind1=" " ind2=" ">
    <subfield code="a">ee24</subfield>
  </datafield>
</record>