
<record>
  <leader>01806cz  a2200349n  4500</leader>
  <controlfield tag="001">500256</controlfield>
  <controlfield tag="003">DLC</controlfield>
  <controlfield tag="005">20200102132453.0</controlfield>
  <controlfield tag="008">791105n| azannaabn          |b aaa      </controlfield>
  <datafield tag="010" ind1=" " ind2=" ">
    <subfield code="a">n  79126985 </subfield>
  </datafield>
  <datafield tag="035" ind1=" " ind2=" ">
    <subfield code="a">(OCoLC)oca00358519</subfield>
  </datafield>
  <datafield tag="040" ind1=" " ind2=" ">
    <subfield code="a">DLC</subfield>
    <subfield code="b">eng</subfield>
    <subfield code="e">rda</subfield>
    <subfield code="c">DLC</subfield>
    <subfield code="d">MnMN</subfield>
    <subfield code="d">OCoLC</subfield>
    <subfield code="d">FU</subfield>
    <subfield code="d">MnU</subfield>
    <subfield code="d">DLC</subfield>
  </datafield>
  <datafield tag="046" ind1=" " ind2=" ">
    <subfield code="f">1906-10-03</subfield>
    <subfield code="g">1997-09-23</subfield>
    <subfield code="2">edtf</subfield>
  </datafield>
  <datafield tag="053" ind1=" " ind2="0">
    <subfield code="a">PS3505.A72574</subfield>
  </datafield>
  <datafield tag="100" ind1="1" ind2=" ">
    <subfield code="a">Carlson, Natalie Savage</subfield>
  </datafield>
  <datafield tag="370" ind1=" " ind2=" ">
    <subfield code="a">Kernstown (Winchester, Va.)</subfield>
    <subfield code="b">Middletown (R.I.)</subfield>
    <subfield code="c">United States</subfield>
    <subfield code="2">naf</subfield>
  </datafield>
  <datafield tag="372" ind1=" " ind2=" ">
    <subfield code="a">Children&apos;s literature</subfield>
    <subfield code="2">lcsh</subfield>
  </datafield>
  <datafield tag="374" ind1=" " ind2=" ">
    <subfield code="a">Authors</subfield>
    <subfield code="2">lcsh</subfield>
  </datafield>
  <datafield tag="375" ind1=" " ind2=" ">
    <subfield code="a">female</subfield>
  </datafield>
  <datafield tag="377" ind1=" " ind2=" ">
    <subfield code="a">eng</subfield>
  </datafield>
  <datafield tag="400" ind1="1" ind2=" ">
    <subfield code="a">カールソン, ナタリー  サヴェジ</subfield>
  </datafield>
  <datafield tag="400" ind1="1" ind2=" ">
    <subfield code="a">Kārilsūn, Nātālī Savīj</subfield>
  </datafield>
  <datafield tag="400" ind1="1" ind2=" ">
    <subfield code="a">کارلسون، ناتالى سويج</subfield>
  </datafield>
  <datafield tag="400" ind1="1" ind2=" ">
    <subfield code="a">Savīj Kārilsūn, Nātālī</subfield>
  </datafield>
  <datafield tag="400" ind1="1" ind2=" ">
    <subfield code="a">سويج کارلسون، ناتالى</subfield>
  </datafield>
  <datafield tag="667" ind1=" " ind2=" ">
    <subfield code="a">Non-Latin script reference not evaluated.</subfield>
  </datafield>
  <datafield tag="670" ind1=" " ind2=" ">
    <subfield code="a">Her The talking cat, 1952.</subfield>
  </datafield>
  <datafield tag="670" ind1=" " ind2=" ">
    <subfield code="a">Carlson, Natalie Savage.  Marī Ruizu to Kurisutofu, 1979:</subfield>
    <subfield code="b">title page (ナタリー · サヴェジ · カールソン)</subfield>
  </datafield>
  <datafield tag="670" ind1=" " ind2=" ">
    <subfield code="a">Natalie Savage Carlson papers, online finding aid at de Grummond Collection, University of Southern Mississippi, viewed February 22, 2016:</subfield>
    <subfield code="b">(Natalie Savage Carlson; she was born October 3, 1906, Kernstown, Virginia, died September 23, 1997, Middletown, Rhode Island; lived in Virginia, Maryland, California, Hawaii, Mexico, Canada, and France; American writer of children&apos;s books)</subfield>
    <subfield code="u">http://www.lib.usm.edu/legacy/degrum/public_html/html/research/findaids/carlson.htm</subfield>
  </datafield>
  <datafield tag="670" ind1=" " ind2=" ">
    <subfield code="a">Khānvādah-ʼi zīr-i pul, 1971:</subfield>
    <subfield code="b">t.p. (ناتالى سويج کارلسون = Nātālī Savīj Kārilsūn) t.p. verso (Natalie Savage Carlson [in rom.])</subfield>
  </datafield>
  <datafield tag="952" ind1=" " ind2=" ">
    <subfield code="a">RETRO</subfield>
  </datafield>
  <datafield tag="953" ind1=" " ind2=" ">
    <subfield code="a">xx00</subfield>
    <subfield code="b">cm03</subfield>
  </datafield>
</record>