
<record>
  <leader>01443cz  a2200289n  4500</leader>
  <controlfield tag="001">537271</controlfield>
  <controlfield tag="003">DLC</controlfield>
  <controlfield tag="005">20200102100411.0</controlfield>
  <controlfield tag="008">820323n| azannaabn          |b aaa      </controlfield>
  <datafield tag="010" ind1=" " ind2=" ">
    <subfield code="a">n  82038555 </subfield>
  </datafield>
  <datafield tag="035" ind1=" " ind2=" ">
    <subfield code="a">(OCoLC)oca00735597</subfield>
  </datafield>
  <datafield tag="040" ind1=" " ind2=" ">
    <subfield code="a">DLC</subfield>
    <subfield code="b">eng</subfield>
    <subfield code="e">rda</subfield>
    <subfield code="c">DLC</subfield>
    <subfield code="d">OCoLC</subfield>
    <subfield code="d">ICU</subfield>
    <subfield code="d">DLC</subfield>
  </datafield>
  <datafield tag="046" ind1=" " ind2=" ">
    <subfield code="f">18640629</subfield>
    <subfield code="g">19350501</subfield>
  </datafield>
  <datafield tag="100" ind1="1" ind2=" ">
    <subfield code="a">Shibanov, P.</subfield>
    <subfield code="q">(Pavel),</subfield>
    <subfield code="d">1864-1935</subfield>
  </datafield>
  <datafield tag="370" ind1=" " ind2=" ">
    <subfield code="a">Samara, Russia</subfield>
    <subfield code="b">Moscow, Russia</subfield>
  </datafield>
  <datafield tag="374" ind1=" " ind2=" ">
    <subfield code="a">Antiquarian booksellers</subfield>
    <subfield code="2">lcsh</subfield>
  </datafield>
  <datafield tag="375" ind1=" " ind2=" ">
    <subfield code="a">male</subfield>
  </datafield>
  <datafield tag="377" ind1=" " ind2=" ">
    <subfield code="a">rus</subfield>
  </datafield>
  <datafield tag="400" ind1="1" ind2=" ">
    <subfield code="a">Шибанов, П.</subfield>
    <subfield code="q">(Павел),</subfield>
    <subfield code="d">1864-1935</subfield>
  </datafield>
  <datafield tag="400" ind1="1" ind2=" ">
    <subfield code="a">Šibanov,</subfield>
    <subfield code="d">1864-1935</subfield>
  </datafield>
  <datafield tag="400" ind1="1" ind2=" ">
    <subfield code="a">Šibanov, P.,</subfield>
    <subfield code="d">1864-1935</subfield>
  </datafield>
  <datafield tag="400" ind1="1" ind2=" ">
    <subfield code="a">Shibanov, Pavel Petrovich,</subfield>
    <subfield code="d">1864-1935</subfield>
  </datafield>
  <datafield tag="667" ind1=" " ind2=" ">
    <subfield code="a">Non-Latin script reference not evaluated.</subfield>
  </datafield>
  <datafield tag="670" ind1=" " ind2=" ">
    <subfield code="a">His Katalog russkikh knig, starykh i novykh zami︠e︡chatelʹnykh i ri︠e︡dkikh, 1981:</subfield>
    <subfield code="b">t.p. (antikvarnai︠a︡ knizhnai︠a︡ torgovli︠a︡ P. Shibanova) cover (Šibanov) GDR CIP data (Šibanov, P.)</subfield>
  </datafield>
  <datafield tag="670" ind1=" " ind2=" ">
    <subfield code="a">Bolʹsh. sov. ėnt︠s︡ikl., 3rd ed.:</subfield>
    <subfield code="b">v. 29, p. 395 (under Shibanovy: Шибанов, Павел Петрович = Shibanov, Pavel Petrovich; 1864-5/1/35; antiquarian bookdealer)</subfield>
  </datafield>
  <datafield tag="670" ind1=" " ind2=" ">
    <subfield code="a">La Feuille, Daniel de. ymbola et emblemata, 1705:</subfield>
    <subfield code="b">bookseller&apos;s label (Антикварная книжная торговля П.В. Шибанова, Москва = Antikvarnai︠a︡ knizhnai︠a︡ torgovli︠a︡ P.V. Shibanova, Moskva)</subfield>
  </datafield>
  <datafield tag="953" ind1=" " ind2=" ">
    <subfield code="a">ee13</subfield>
    <subfield code="b">he07</subfield>
  </datafield>
</record>