
<record>
  <leader>00865cz  a2200229n  4500</leader>
  <controlfield tag="001">562155</controlfield>
  <controlfield tag="003">DLC</controlfield>
  <controlfield tag="005">20200102155134.0</controlfield>
  <controlfield tag="008">840229n| azannaab           |b aaa      </controlfield>
  <datafield tag="010" ind1=" " ind2=" ">
    <subfield code="a">n  83134215 </subfield>
  </datafield>
  <datafield tag="035" ind1=" " ind2=" ">
    <subfield code="a">(DLC)n  83134215</subfield>
  </datafield>
  <datafield tag="040" ind1=" " ind2=" ">
    <subfield code="a">DLC</subfield>
    <subfield code="b">eng</subfield>
    <subfield code="c">DLC</subfield>
    <subfield code="d">DLC</subfield>
    <subfield code="e">rda</subfield>
  </datafield>
  <datafield tag="100" ind1="1" ind2=" ">
    <subfield code="a">Neill, John R.</subfield>
    <subfield code="q">(John Rea)</subfield>
  </datafield>
  <datafield tag="400" ind1="1" ind2=" ">
    <subfield code="w">nnaa</subfield>
    <subfield code="a">Neill, John Rea</subfield>
  </datafield>
  <datafield tag="400" ind1="1" ind2=" ">
    <subfield code="a">Nīl, Jān R.</subfield>
  </datafield>
  <datafield tag="400" ind1="1" ind2=" ">
    <subfield code="a">نيل، جان ر.</subfield>
  </datafield>
  <datafield tag="667" ind1=" " ind2=" ">
    <subfield code="a">Non-Latin script reference not evaluated.</subfield>
  </datafield>
  <datafield tag="670" ind1=" " ind2=" ">
    <subfield code="a">Baum, L.F. Dorothy and the Wizard of Oz, 1984:</subfield>
    <subfield code="b">CIP galley (John R. Neill)</subfield>
  </datafield>
  <datafield tag="670" ind1=" " ind2=" ">
    <subfield code="a">LC data base, 2/27/84</subfield>
    <subfield code="b">(hdg.: Neill, John Rea; usage: John R. Neill)</subfield>
  </datafield>
  <datafield tag="670" ind1=" " ind2=" ">
    <subfield code="a">Books of Wonder (Firm). The art of Oz, c1984:</subfield>
    <subfield code="b">t.p. (John R. Neill) introd. (b. 1877; d. 1943)</subfield>
  </datafield>
  <datafield tag="670" ind1=" " ind2=" ">
    <subfield code="a">Bāzgasht bih shahr-i zumurrud, 1971:</subfield>
    <subfield code="b">t.p. (جان ر. نيل =  Jān R. Nīl)</subfield>
  </datafield>
  <datafield tag="953" ind1=" " ind2=" ">
    <subfield code="a">bd65</subfield>
    <subfield code="b">cm03</subfield>
  </datafield>
</record>