
<record>
  <leader>02164cz  a2200277n  4500</leader>
  <controlfield tag="001">778842</controlfield>
  <controlfield tag="003">DLC</controlfield>
  <controlfield tag="005">20200102145438.0</controlfield>
  <controlfield tag="008">930930n| azannaab           |a aaa     c</controlfield>
  <datafield tag="010" ind1=" " ind2=" ">
    <subfield code="a">no 93029275 </subfield>
    <subfield code="z">no 93029283 </subfield>
  </datafield>
  <datafield tag="035" ind1=" " ind2=" ">
    <subfield code="a">(DLC)no 93029275</subfield>
  </datafield>
  <datafield tag="040" ind1=" " ind2=" ">
    <subfield code="a">OU</subfield>
    <subfield code="b">eng</subfield>
    <subfield code="e">rda</subfield>
    <subfield code="c">OU</subfield>
  </datafield>
  <datafield tag="046" ind1=" " ind2=" ">
    <subfield code="f">1894-05-13</subfield>
    <subfield code="g">1983-04-13</subfield>
    <subfield code="2">edtf</subfield>
  </datafield>
  <datafield tag="053" ind1=" " ind2="0">
    <subfield code="a">PS3525.O643</subfield>
  </datafield>
  <datafield tag="100" ind1="1" ind2=" ">
    <subfield code="a">Morgan, Beatrice Burton,</subfield>
    <subfield code="d">1894-1983</subfield>
  </datafield>
  <datafield tag="400" ind1="1" ind2=" ">
    <subfield code="a">Burton, Beatrice,</subfield>
    <subfield code="d">1894-1983</subfield>
  </datafield>
  <datafield tag="370" ind1=" " ind2=" ">
    <subfield code="a">Cleveland (Ohio)</subfield>
    <subfield code="b">Naples (Fla.)</subfield>
    <subfield code="2">naf</subfield>
  </datafield>
  <datafield tag="374" ind1=" " ind2=" ">
    <subfield code="a">Novelists</subfield>
    <subfield code="a">Dramatists</subfield>
    <subfield code="2">lcsh</subfield>
  </datafield>
  <datafield tag="375" ind1=" " ind2=" ">
    <subfield code="a">Females</subfield>
    <subfield code="2">lcdgt</subfield>
  </datafield>
  <datafield tag="670" ind1=" " ind2=" ">
    <subfield code="a">Sweet talk, 1934:</subfield>
    <subfield code="b">title page (Beatrice Burton Morgan)</subfield>
  </datafield>
  <datafield tag="670" ind1=" " ind2=" ">
    <subfield code="a">The flapper&apos;s daughter, 1933:</subfield>
    <subfield code="b">t.p. (Beatrice Burton)</subfield>
  </datafield>
  <datafield tag="670" ind1=" " ind2=" ">
    <subfield code="a">Wikidata via Wikipedia, September 16, 2019</subfield>
    <subfield code="b">(VIAF identifier: 66043759; instance of: human; place of birth: Cleveland; place of death: Naples; date of death: +1983-04-13T00:00:00Z; date of birth: +1894-05-13T00:00:00Z; sex or gender: female; given name: Beatrice; country of citizenship: United States of America; FAST-ID: 1514491; Commons category: Beatrice Burton; LCAuth identifier: no93029283; occupation: novelist, writer; SNAC Ark ID (P3430): w6bc61pc; ISNI (P213): 0000000039236521; surname: Burton; description/label: Ameerika Ühendriikide kirjanik, American writer, Amerikaans romanschrijfster , Beatrice Burton, écrivaine américaine, escriptora estatunidenca, escritora estadounidense, scriitoare americană, scrivor american, shkrimtare amerikane, usona verkisto, yhdysvaltalainen kirjailija, американська письменниця, סופרת אמריקאית, كاتبة أمريكية)</subfield>
    <subfield code="u">http://www.wikidata.org/entity/Q4877134</subfield>
  </datafield>
  <datafield tag="670" ind1=" " ind2=" ">
    <subfield code="a">OCLC database, 8-12-93</subfield>
    <subfield code="b">(hdg.: Morgan, Beatrice (Burton) Mrs., 1894- ; Morgan, Beatrice Burton, 1894- ; usage: Beatrice Burton) (hdg.: Morgan, Beatrice Burton, Mrs., 1894- ; usage: Beatrice Burton Morgan) (hdg.: Burton, Beatrice, b. 1894)</subfield>
  </datafield>
  <datafield tag="670" ind1=" " ind2=" ">
    <subfield code="a">NUC pre-1956</subfield>
    <subfield code="b">(hdg.: Morgan, Mrs. Beatrice (Burton), 1894- ; usage: Beatrice Burton; Beatrice Burton Morgan; note under each record: full name: Mrs. Beatrice Payne (Burton) Morgan)</subfield>
  </datafield>
  <datafield tag="953" ind1=" " ind2=" ">
    <subfield code="a">xx00</subfield>
  </datafield>
  <datafield tag="985" ind1=" " ind2=" ">
    <subfield code="c">OCLC</subfield>
    <subfield code="e">LSPC</subfield>
  </datafield>
</record>