
<record>
  <leader>00857cz  a2200205n  4500</leader>
  <controlfield tag="001">928909</controlfield>
  <controlfield tag="003">DLC</controlfield>
  <controlfield tag="005">20200102073108.0</controlfield>
  <controlfield tag="008">990616n| azannaabn          |a aaa      </controlfield>
  <datafield tag="010" ind1=" " ind2=" ">
    <subfield code="a">n  99044355 </subfield>
  </datafield>
  <datafield tag="035" ind1=" " ind2=" ">
    <subfield code="a">(OCoLC)oca05008663</subfield>
  </datafield>
  <datafield tag="040" ind1=" " ind2=" ">
    <subfield code="a">DLC</subfield>
    <subfield code="b">eng</subfield>
    <subfield code="c">DLC</subfield>
    <subfield code="e">rda</subfield>
    <subfield code="d">MdRoLAC</subfield>
  </datafield>
  <datafield tag="046" ind1=" " ind2=" ">
    <subfield code="f">1961-02-27</subfield>
    <subfield code="2">edtf</subfield>
  </datafield>
  <datafield tag="100" ind1="1" ind2=" ">
    <subfield code="a">Ceresole, A.</subfield>
    <subfield code="q">(Anna),</subfield>
    <subfield code="d">1961-</subfield>
  </datafield>
  <datafield tag="372" ind1=" " ind2=" ">
    <subfield code="a">Physics</subfield>
    <subfield code="2">lcsh</subfield>
  </datafield>
  <datafield tag="373" ind1=" " ind2=" ">
    <subfield code="a">Istituto nazionale di fisica nucleare</subfield>
    <subfield code="2">naf</subfield>
  </datafield>
  <datafield tag="400" ind1="1" ind2=" ">
    <subfield code="a">Ceresole, Anna,</subfield>
    <subfield code="d">1961-</subfield>
  </datafield>
  <datafield tag="670" ind1=" " ind2=" ">
    <subfield code="a">Quantum aspects of gauge theories, supersymmetry and unification, 1999:</subfield>
    <subfield code="b">CIP t.p. (A. Ceresole) data sheet (Ceresole, Anna, Feb. 27, 1961)</subfield>
  </datafield>
  <datafield tag="670" ind1=" " ind2=" ">
    <subfield code="a">LinkedIn Profile, viewed 31 December 2019:</subfield>
    <subfield code="b">(Research Director in Theoretical Physics, National Institute for Nuclear Physics (INFN))</subfield>
    <subfield code="u">https://www.linkedin.com/in/anna-ceresole-482a0873/?originalSubdomain=it</subfield>
  </datafield>
  <datafield tag="953" ind1=" " ind2=" ">
    <subfield code="a">jp43</subfield>
  </datafield>
</record>