
<record>
  <leader>01647cz  a2200277n  4500</leader>
  <controlfield tag="001">937338</controlfield>
  <controlfield tag="003">DLC</controlfield>
  <controlfield tag="005">20200102073107.0</controlfield>
  <controlfield tag="008">800721n| azannaabn          |n aaa      </controlfield>
  <datafield tag="010" ind1=" " ind2=" ">
    <subfield code="a">n  50034504 </subfield>
  </datafield>
  <datafield tag="035" ind1=" " ind2=" ">
    <subfield code="a">(OCoLC)oca00069827</subfield>
  </datafield>
  <datafield tag="040" ind1=" " ind2=" ">
    <subfield code="a">DLC</subfield>
    <subfield code="b">eng</subfield>
    <subfield code="e">rda</subfield>
    <subfield code="c">DLC</subfield>
    <subfield code="d">OCoLC</subfield>
    <subfield code="d">PSt</subfield>
    <subfield code="d">KyU</subfield>
  </datafield>
  <datafield tag="046" ind1=" " ind2=" ">
    <subfield code="f">1849-12-21</subfield>
    <subfield code="g">1925-02-18</subfield>
    <subfield code="2">edtf</subfield>
  </datafield>
  <datafield tag="053" ind1=" " ind2="0">
    <subfield code="a">PS1030</subfield>
    <subfield code="b">PS1038</subfield>
  </datafield>
  <datafield tag="100" ind1="1" ind2=" ">
    <subfield code="a">Allen, James Lane,</subfield>
    <subfield code="d">1849-1925</subfield>
  </datafield>
  <datafield tag="370" ind1=" " ind2=" ">
    <subfield code="a">Lexington (Ky.)</subfield>
    <subfield code="e">New York (N.Y.)</subfield>
    <subfield code="2">naf</subfield>
    <subfield code="s">1893</subfield>
  </datafield>
  <datafield tag="373" ind1=" " ind2=" ">
    <subfield code="a">Transylvania University</subfield>
    <subfield code="2">naf</subfield>
    <subfield code="t">1872</subfield>
  </datafield>
  <datafield tag="374" ind1=" " ind2=" ">
    <subfield code="a">Authors</subfield>
    <subfield code="a">Teachers</subfield>
    <subfield code="2">lcsh</subfield>
  </datafield>
  <datafield tag="375" ind1=" " ind2=" ">
    <subfield code="a">Males</subfield>
    <subfield code="2">lcdgt</subfield>
  </datafield>
  <datafield tag="377" ind1=" " ind2=" ">
    <subfield code="a">eng</subfield>
  </datafield>
  <datafield tag="667" ind1=" " ind2=" ">
    <subfield code="a">Not to be confused with James Lane Allen, 1848- lawyer, author</subfield>
  </datafield>
  <datafield tag="670" ind1=" " ind2=" ">
    <subfield code="a">His A Kentucky cardinal ... 1895.</subfield>
  </datafield>
  <datafield tag="670" ind1=" " ind2=" ">
    <subfield code="a">Wikipedia, viewed August 25, 2016</subfield>
    <subfield code="b">(James Allen Lane (December 21, 1849--February 18, 1925); American novelist and short story writer whose work, including the novel A Kentucky Cardinal, often depicted the culture and dialects of his native Kentucky. His work is characteristic of the late-19th century local color era, when writers sought to capture the vernacular in their fiction. Allen has been described as &quot;Kentucky&apos;s first important novelist&quot;; born near Lexington, Kentucky; graduated from Transylvania University in 1872; in 1893 Allen moved to New York City, where he lived until his death)</subfield>
    <subfield code="u">https://en.wikipedia.org/wiki/James_Lane_Allen</subfield>
  </datafield>
  <datafield tag="670" ind1=" " ind2=" ">
    <subfield code="a">Kentucky Encyclopedia, ©1992:</subfield>
    <subfield code="b">page 14 (James Lane Allen earned masters degree from what is now Transylvania University in 1877, taught in Missouri, West Virginia and Kentucky; author of short stories and novels)</subfield>
  </datafield>
  <datafield tag="952" ind1=" " ind2=" ">
    <subfield code="a">RETRO</subfield>
  </datafield>
  <datafield tag="953" ind1=" " ind2=" ">
    <subfield code="a">xx00</subfield>
  </datafield>
</record>