
<record>
  <leader>00791cz  a2200181n  4500</leader>
  <controlfield tag="001">938588</controlfield>
  <controlfield tag="003">DLC</controlfield>
  <controlfield tag="005">20200102130457.0</controlfield>
  <controlfield tag="008">800811n| acannaabn          |n aaa      </controlfield>
  <datafield tag="010" ind1=" " ind2=" ">
    <subfield code="a">n  50047424 </subfield>
  </datafield>
  <datafield tag="035" ind1=" " ind2=" ">
    <subfield code="a">(OCoLC)oca00082509</subfield>
  </datafield>
  <datafield tag="040" ind1=" " ind2=" ">
    <subfield code="a">DLC</subfield>
    <subfield code="b">eng</subfield>
    <subfield code="c">DLC</subfield>
    <subfield code="d">OCl</subfield>
    <subfield code="d">TxHU</subfield>
    <subfield code="d">UkOxU</subfield>
    <subfield code="e">rda</subfield>
    <subfield code="d">DLC</subfield>
  </datafield>
  <datafield tag="100" ind1="1" ind2=" ">
    <subfield code="a">Rosenthal, Franz,</subfield>
    <subfield code="d">1914-2003</subfield>
  </datafield>
  <datafield tag="670" ind1=" " ind2=" ">
    <subfield code="a">Studia arabica ... 1937-</subfield>
  </datafield>
  <datafield tag="670" ind1=" " ind2=" ">
    <subfield code="a">New York times, Apr. 20, 2003:</subfield>
    <subfield code="b">obituaries (Prof. Franz Rosenthal; interpreter of Arabic literature and Islamic religion and scholar of Aramaic; b. in Berlin; d. Apr. 8, 2003 in Branford, Conn. at age 88)</subfield>
  </datafield>
  <datafield tag="670" ind1=" " ind2=" ">
    <subfield code="a">Wikipedia online encyclopedia, Jan. 7, 2008</subfield>
    <subfield code="b">(Franz Rosenthal (August 31, 1914 - April 8, 2003); Louis M. Rabinowitz and Sterling Professor Emeritus of Arabic)</subfield>
  </datafield>
  <datafield tag="952" ind1=" " ind2=" ">
    <subfield code="a">RETRO</subfield>
  </datafield>
  <datafield tag="953" ind1=" " ind2=" ">
    <subfield code="a">xx00</subfield>
  </datafield>
</record>