
<record>
  <leader>02948cz  a2200697n  4500</leader>
  <controlfield tag="001">953004</controlfield>
  <controlfield tag="003">DLC</controlfield>
  <controlfield tag="005">20200102162124.0</controlfield>
  <controlfield tag="008">790117n| azannaabn          |b aaa      </controlfield>
  <datafield tag="010" ind1=" " ind2=" ">
    <subfield code="a">n  78095494 </subfield>
  </datafield>
  <datafield tag="035" ind1=" " ind2=" ">
    <subfield code="a">(OCoLC)oca00230571</subfield>
  </datafield>
  <datafield tag="035" ind1=" " ind2=" ">
    <subfield code="a">(Uk)000312640</subfield>
  </datafield>
  <datafield tag="040" ind1=" " ind2=" ">
    <subfield code="a">DLC</subfield>
    <subfield code="b">eng</subfield>
    <subfield code="e">rda</subfield>
    <subfield code="c">DLC</subfield>
    <subfield code="d">DLC</subfield>
    <subfield code="d">ICU</subfield>
    <subfield code="d">GU</subfield>
    <subfield code="d">OCoLC</subfield>
    <subfield code="d">DLC-R</subfield>
    <subfield code="d">Uk</subfield>
    <subfield code="d">OCoLC</subfield>
    <subfield code="d">NNC</subfield>
    <subfield code="d">ICU</subfield>
    <subfield code="d">UPB</subfield>
    <subfield code="d">Uk</subfield>
    <subfield code="d">DLC</subfield>
  </datafield>
  <datafield tag="046" ind1=" " ind2=" ">
    <subfield code="f">1783</subfield>
    <subfield code="g">1842</subfield>
    <subfield code="2">edtf</subfield>
  </datafield>
  <datafield tag="053" ind1=" " ind2="0">
    <subfield code="a">PQ2435</subfield>
    <subfield code="b">PQ2444</subfield>
  </datafield>
  <datafield tag="100" ind1="0" ind2=" ">
    <subfield code="a">Stendhal,</subfield>
    <subfield code="d">1783-1842</subfield>
  </datafield>
  <datafield tag="370" ind1=" " ind2=" ">
    <subfield code="c">France</subfield>
    <subfield code="2">naf</subfield>
  </datafield>
  <datafield tag="374" ind1=" " ind2=" ">
    <subfield code="a">Authors</subfield>
    <subfield code="2">lcsh</subfield>
  </datafield>
  <datafield tag="375" ind1=" " ind2=" ">
    <subfield code="a">male</subfield>
  </datafield>
  <datafield tag="377" ind1=" " ind2=" ">
    <subfield code="a">fre</subfield>
  </datafield>
  <datafield tag="400" ind1="1" ind2=" ">
    <subfield code="a">Brulard, Henry,</subfield>
    <subfield code="d">1783-1842</subfield>
  </datafield>
  <datafield tag="400" ind1="1" ind2=" ">
    <subfield code="a">Beyle, Henri,</subfield>
    <subfield code="d">1783-1842</subfield>
  </datafield>
  <datafield tag="400" ind1="0" ind2=" ">
    <subfield code="a">Stendalʹ,</subfield>
    <subfield code="d">1783-1842</subfield>
  </datafield>
  <datafield tag="400" ind1="1" ind2=" ">
    <subfield code="a">Beĭlʹ, Anri,</subfield>
    <subfield code="d">1783-1842</subfield>
  </datafield>
  <datafield tag="400" ind1="1" ind2=" ">
    <subfield code="a">Beĭlʹ, Mari-Anri,</subfield>
    <subfield code="d">1783-1842</subfield>
  </datafield>
  <datafield tag="400" ind1="1" ind2=" ">
    <subfield code="w">nna</subfield>
    <subfield code="a">Beyle, Marie Henri,</subfield>
    <subfield code="d">1783-1842</subfield>
  </datafield>
  <datafield tag="400" ind1="1" ind2=" ">
    <subfield code="a">Bombet, L. A. C.,</subfield>
    <subfield code="d">1783-1842</subfield>
  </datafield>
  <datafield tag="400" ind1="0" ind2=" ">
    <subfield code="a">Sŭtʻangdal,</subfield>
    <subfield code="d">1783-1842</subfield>
  </datafield>
  <datafield tag="400" ind1="0" ind2=" ">
    <subfield code="a">Ssu-tʻang-ta,</subfield>
    <subfield code="d">1783-1842</subfield>
  </datafield>
  <datafield tag="400" ind1="0" ind2=" ">
    <subfield code="a">Sutandāru,</subfield>
    <subfield code="d">1783-1842</subfield>
  </datafield>
  <datafield tag="400" ind1="1" ind2=" ">
    <subfield code="a">Beyle, Arrigo,</subfield>
    <subfield code="d">1783-1842</subfield>
  </datafield>
  <datafield tag="400" ind1="0" ind2=" ">
    <subfield code="a">Стендаль,</subfield>
    <subfield code="d">1783-1842</subfield>
  </datafield>
  <datafield tag="400" ind1="0" ind2=" ">
    <subfield code="a">סטנדאל</subfield>
  </datafield>
  <datafield tag="400" ind1="0" ind2=" ">
    <subfield code="a">סטנדל</subfield>
  </datafield>
  <datafield tag="400" ind1="0" ind2=" ">
    <subfield code="a">סטנדל,</subfield>
    <subfield code="d">1783-1842</subfield>
  </datafield>
  <datafield tag="400" ind1="0" ind2=" ">
    <subfield code="a">スタンダール,</subfield>
    <subfield code="d">1783-1842</subfield>
  </datafield>
  <datafield tag="400" ind1="0" ind2=" ">
    <subfield code="a">Stendalis,</subfield>
    <subfield code="d">1783-1842</subfield>
  </datafield>
  <datafield tag="400" ind1="1" ind2=" ">
    <subfield code="a">Beyle de Stendahl, Henri,</subfield>
    <subfield code="d">1783-1842</subfield>
  </datafield>
  <datafield tag="400" ind1="1" ind2=" ">
    <subfield code="a">Stendahl, Henri de,</subfield>
    <subfield code="d">1783-1842</subfield>
  </datafield>
  <datafield tag="400" ind1="1" ind2=" ">
    <subfield code="a">Stendahl, M. de,</subfield>
    <subfield code="d">1783-1842</subfield>
  </datafield>
  <datafield tag="400" ind1="1" ind2=" ">
    <subfield code="a">Beyle, Enrico,</subfield>
    <subfield code="d">1783-1842</subfield>
  </datafield>
  <datafield tag="400" ind1="1" ind2=" ">
    <subfield code="a">Bayle, Enrico Maria,</subfield>
    <subfield code="d">1783-1842</subfield>
  </datafield>
  <datafield tag="400" ind1="1" ind2=" ">
    <subfield code="a">Bombet, Louis-Alexandre-André-César,</subfield>
    <subfield code="d">1783-1842</subfield>
  </datafield>
  <datafield tag="400" ind1="0" ind2=" ">
    <subfield code="a">Stendals,</subfield>
    <subfield code="d">1783-1842</subfield>
  </datafield>
  <datafield tag="400" ind1="0" ind2=" ">
    <subfield code="a">Stantal,</subfield>
    <subfield code="d">1783-1842</subfield>
  </datafield>
  <datafield tag="400" ind1="0" ind2=" ">
    <subfield code="a">Istāndāl,</subfield>
    <subfield code="d">1783-1842</subfield>
  </datafield>
  <datafield tag="400" ind1="0" ind2=" ">
    <subfield code="a">استاندال</subfield>
  </datafield>
  <datafield tag="667" ind1=" " ind2=" ">
    <subfield code="a">Machine-derived non-Latin script reference project.</subfield>
  </datafield>
  <datafield tag="667" ind1=" " ind2=" ">
    <subfield code="a">Non-Latin script references not evaluated.</subfield>
  </datafield>
  <datafield tag="670" ind1=" " ind2=" ">
    <subfield code="a">Yi, T.N. Sŭtʻangdal sosŏl yŏnʼgu, 1982:</subfield>
    <subfield code="b">t.p. (Sŭtʻangdal)</subfield>
  </datafield>
  <datafield tag="670" ind1=" " ind2=" ">
    <subfield code="a">Chao, L.H. Ssu-tʻang-ta ho &quot;Hung yü hei,&quot; 1983:</subfield>
    <subfield code="b">t.p. (Ssu-tʻang-ta)</subfield>
  </datafield>
  <datafield tag="670" ind1=" " ind2=" ">
    <subfield code="a">His Aka to kuro, 1958:</subfield>
    <subfield code="b">v. 1, t.p. (Sutandāru)</subfield>
  </datafield>
  <datafield tag="670" ind1=" " ind2=" ">
    <subfield code="a">Em-ha-minzar, 1970:</subfield>
    <subfield code="b">t.p. (Sṭendal) t.p. verso (Stendhal [in rom.])</subfield>
  </datafield>
  <datafield tag="670" ind1=" " ind2=" ">
    <subfield code="a">Arrigo Beyle &quot;romano&quot; (1831-1841) : Stendhal fra storia ..., 2004</subfield>
  </datafield>
  <datafield tag="670" ind1=" " ind2=" ">
    <subfield code="a">Gale Literature Resource Center WWW Site, 5 Sep. 2008:</subfield>
    <subfield code="b">French authors page (Born Marie-Henri Beyle, 1783, Grenoble, France; died Mar. 1842, Paris, France)</subfield>
  </datafield>
  <datafield tag="670" ind1=" " ind2=" ">
    <subfield code="a">BnF, 30 Sept. 2008</subfield>
    <subfield code="b">(hdg.: Stendahl, 1783-1842; refs.: Stendalis, 1783-1842; Beyle de Stendahl, Henri, 1783-1842; Stendhal, Henri Beyle de, 1783-1842; Stendhal, M. de, 1783-1842, beyle, Enrico, 1783-1842, Beyle, Enrico Maria, 1783-1842; Bombet, Louis-Alexandre-André-César, 1783-1842)</subfield>
  </datafield>
  <datafield tag="670" ind1=" " ind2=" ">
    <subfield code="a">Sarkanais un melnais, 1957:</subfield>
    <subfield code="b">t.p. (Stendals)</subfield>
  </datafield>
  <datafield tag="670" ind1=" " ind2=" ">
    <subfield code="a">Hē diplē zōē tou Stantal, 2014</subfield>
  </datafield>
  <datafield tag="670" ind1=" " ind2=" ">
    <subfield code="a">Ṣawmaʻah-ʼi Pārm, 1971:</subfield>
    <subfield code="b">t.p. (استاندال = Istāndāl)</subfield>
  </datafield>
  <datafield tag="952" ind1=" " ind2=" ">
    <subfield code="a">RETRO</subfield>
  </datafield>
  <datafield tag="953" ind1=" " ind2=" ">
    <subfield code="a">xx00</subfield>
    <subfield code="b">bz51</subfield>
  </datafield>
</record>