
<record>
  <leader>00976cz  a2200241n  4500</leader>
  <controlfield tag="001">962756</controlfield>
  <controlfield tag="003">DLC</controlfield>
  <controlfield tag="005">20200102073107.0</controlfield>
  <controlfield tag="008">800730n| azannaabn          |a ana      </controlfield>
  <datafield tag="010" ind1=" " ind2=" ">
    <subfield code="a">n  79099044 </subfield>
  </datafield>
  <datafield tag="035" ind1=" " ind2=" ">
    <subfield code="a">(OCoLC)oca00331194</subfield>
  </datafield>
  <datafield tag="040" ind1=" " ind2=" ">
    <subfield code="a">DLC</subfield>
    <subfield code="b">eng</subfield>
    <subfield code="c">DLC</subfield>
    <subfield code="d">DLC</subfield>
    <subfield code="d">DGPO</subfield>
    <subfield code="e">rda</subfield>
    <subfield code="d">MdRoLAC</subfield>
  </datafield>
  <datafield tag="110" ind1="2" ind2=" ">
    <subfield code="a">American Chemical Society.</subfield>
    <subfield code="b">Division of Computers in Chemistry</subfield>
  </datafield>
  <datafield tag="368" ind1=" " ind2=" ">
    <subfield code="a">Professional associations</subfield>
    <subfield code="2">lcsh</subfield>
  </datafield>
  <datafield tag="372" ind1=" " ind2=" ">
    <subfield code="a">Computers</subfield>
    <subfield code="a">Chemistry</subfield>
    <subfield code="2">lcsh</subfield>
  </datafield>
  <datafield tag="410" ind1="2" ind2=" ">
    <subfield code="a">ACS Division of Computers in Chemistry</subfield>
  </datafield>
  <datafield tag="410" ind1="2" ind2=" ">
    <subfield code="a">A.C.S. Division of Computers in Chemistry</subfield>
  </datafield>
  <datafield tag="410" ind1="2" ind2=" ">
    <subfield code="a">American Chemical Society.</subfield>
    <subfield code="b">Computers in Chemistry Division</subfield>
  </datafield>
  <datafield tag="670" ind1=" " ind2=" ">
    <subfield code="a">Computer networking and chemistry, 1975.</subfield>
  </datafield>
  <datafield tag="670" ind1=" " ind2=" ">
    <subfield code="a">Computer education of ... 1984:</subfield>
    <subfield code="b">pref. (ACS Division of Computers in Chemistry)</subfield>
  </datafield>
  <datafield tag="670" ind1=" " ind2=" ">
    <subfield code="a">Summary report, Symposium on Computational Thermochemistry [MI] 1997:</subfield>
    <subfield code="b">t.p. (Computers in Chemistry Division, American Chemical Society)</subfield>
  </datafield>
  <datafield tag="952" ind1=" " ind2=" ">
    <subfield code="a">RETRO</subfield>
  </datafield>
  <datafield tag="953" ind1=" " ind2=" ">
    <subfield code="a">xx00</subfield>
    <subfield code="b">br02</subfield>
  </datafield>
</record>