
<record>
  <leader>00549cz  a2200157n  4500</leader>
  <controlfield tag="001">971879</controlfield>
  <controlfield tag="003">DLC</controlfield>
  <controlfield tag="005">20200102140648.0</controlfield>
  <controlfield tag="008">800516n| azannaabn          |a aaa      </controlfield>
  <datafield tag="010" ind1=" " ind2=" ">
    <subfield code="a">n  80043214 </subfield>
  </datafield>
  <datafield tag="035" ind1=" " ind2=" ">
    <subfield code="a">(OCoLC)oca00425241</subfield>
  </datafield>
  <datafield tag="040" ind1=" " ind2=" ">
    <subfield code="a">DLC</subfield>
    <subfield code="b">eng</subfield>
    <subfield code="e">rda</subfield>
    <subfield code="c">DLC</subfield>
    <subfield code="d">OCoLC</subfield>
    <subfield code="d">DLC</subfield>
  </datafield>
  <datafield tag="100" ind1="1" ind2=" ">
    <subfield code="a">Klimashin, A. L.</subfield>
    <subfield code="q">(Alekseĭ Lukich)</subfield>
  </datafield>
  <datafield tag="400" ind1="1" ind2=" ">
    <subfield code="w">nnea</subfield>
    <subfield code="a">Klimashin, Alekseĭ Lukich</subfield>
  </datafield>
  <datafield tag="670" ind1=" " ind2=" ">
    <subfield code="a">Gamynin, N. S. Dinamika bystrodeĭstvui︠u︡shchego gidravlicheskogo privoda, 1979 (a.e.)</subfield>
    <subfield code="b">t.p. (A. L. Klimashin) colophon (Alekseĭ Lukich Klimashin)</subfield>
  </datafield>
  <datafield tag="953" ind1=" " ind2=" ">
    <subfield code="a">ee27</subfield>
  </datafield>
</record>