
<record>
  <leader>01612cz  a2200277n  4500</leader>
  <controlfield tag="001">1045835</controlfield>
  <controlfield tag="003">DLC</controlfield>
  <controlfield tag="005">20200102005621.0</controlfield>
  <controlfield tag="008">881031n| azannaab           |a aaa      </controlfield>
  <datafield tag="010" ind1=" " ind2=" ">
    <subfield code="a">n  84110074 </subfield>
  </datafield>
  <datafield tag="035" ind1=" " ind2=" ">
    <subfield code="a">(DLC)n  84110074</subfield>
  </datafield>
  <datafield tag="040" ind1=" " ind2=" ">
    <subfield code="a">DLC</subfield>
    <subfield code="b">eng</subfield>
    <subfield code="e">rda</subfield>
    <subfield code="c">DLC</subfield>
    <subfield code="d">DLC</subfield>
  </datafield>
  <datafield tag="046" ind1=" " ind2=" ">
    <subfield code="f">1941-09-24</subfield>
    <subfield code="2">edtf</subfield>
  </datafield>
  <datafield tag="100" ind1="1" ind2=" ">
    <subfield code="a">Ñān̲acuntaram, Te.</subfield>
  </datafield>
  <datafield tag="370" ind1=" " ind2=" ">
    <subfield code="a">Kul̲aiyūr (India)</subfield>
  </datafield>
  <datafield tag="370" ind1=" " ind2=" ">
    <subfield code="f">Chennai (India)</subfield>
    <subfield code="2">naf</subfield>
  </datafield>
  <datafield tag="372" ind1=" " ind2=" ">
    <subfield code="a">Tamil literature</subfield>
    <subfield code="2">lcsh</subfield>
  </datafield>
  <datafield tag="373" ind1=" " ind2=" ">
    <subfield code="a">Tañcai Tamil̲p Palkalaik Kal̲akam</subfield>
    <subfield code="2">naf</subfield>
  </datafield>
  <datafield tag="373" ind1=" " ind2=" ">
    <subfield code="a">Pachaiyappa&apos;s College, Madras. Tamil̲tturai</subfield>
    <subfield code="2">naf</subfield>
    <subfield code="t">2000</subfield>
  </datafield>
  <datafield tag="374" ind1=" " ind2=" ">
    <subfield code="a">University and college faculty members</subfield>
    <subfield code="2">lcdgt</subfield>
  </datafield>
  <datafield tag="375" ind1=" " ind2=" ">
    <subfield code="a">Males</subfield>
    <subfield code="2">lcdgt</subfield>
  </datafield>
  <datafield tag="377" ind1=" " ind2=" ">
    <subfield code="a">tam</subfield>
  </datafield>
  <datafield tag="400" ind1="1" ind2=" ">
    <subfield code="a">Gnanasundaram, T.</subfield>
  </datafield>
  <datafield tag="400" ind1="1" ind2=" ">
    <subfield code="a">Ñān̲acuntaram, Te.</subfield>
    <subfield code="q">(Teṇṭapāṇippiḷḷai),</subfield>
    <subfield code="d">1941-</subfield>
  </datafield>
  <datafield tag="670" ind1=" " ind2=" ">
    <subfield code="a">Periya tirumol̲i uraiyum Tamil̲ākkamum, 1984:</subfield>
    <subfield code="b">title page (Ṭākṭar Te. Ñan̲acuntaram, associate professor, Department of Rare Manuscripts, Tamil University, Thanjavur)</subfield>
  </datafield>
  <datafield tag="670" ind1=" " ind2=" ">
    <subfield code="a">Vaiṇavak kalaiccol akarāti, 2017:</subfield>
    <subfield code="b">title page (Te. Ñan̲acuntaram) title page verso (T. Gnanasundaram) page facing page 2 of cover (born September 24, 1941 in Kul̲aiyūr town in Nagapattinam District; son of Mu. Teṇṭapāṇippiḷḷai and A. Taiyalnāyaki; undergraduate in economics from Kudanthai Government College; M.A. and Ph. D., in Tamil literature from Pachaiyappa&apos;s College and University of Madras respectively; head of the Department of Tamil, Pachaiyappa&apos;s College from 1993 until his retirement in 2000; post-retirement he served in Kamban Chair, Puducherry University for two years)</subfield>
  </datafield>
</record>