
<record>
  <leader>00501cz  a2200169n  4500</leader>
  <controlfield tag="001">1071790</controlfield>
  <controlfield tag="003">DLC</controlfield>
  <controlfield tag="005">20200102110328.0</controlfield>
  <controlfield tag="008">870505n| azannaabn          |n aaa      </controlfield>
  <datafield tag="010" ind1=" " ind2=" ">
    <subfield code="a">n  85157624 </subfield>
  </datafield>
  <datafield tag="035" ind1=" " ind2=" ">
    <subfield code="a">(OCoLC)oca01847818</subfield>
  </datafield>
  <datafield tag="040" ind1=" " ind2=" ">
    <subfield code="a">DLC</subfield>
    <subfield code="b">eng</subfield>
    <subfield code="e">rda</subfield>
    <subfield code="c">DLC</subfield>
    <subfield code="d">DLC</subfield>
    <subfield code="d">OCoLC</subfield>
    <subfield code="d">DLC</subfield>
  </datafield>
  <datafield tag="053" ind1=" " ind2="0">
    <subfield code="a">PS3515.U236</subfield>
  </datafield>
  <datafield tag="100" ind1="1" ind2=" ">
    <subfield code="a">Hudson, Virginia Cary</subfield>
  </datafield>
  <datafield tag="670" ind1=" " ind2=" ">
    <subfield code="a">Her O ye jigs &amp; juleps! 1987, c1962:</subfield>
    <subfield code="b">CIP t.p. (Virginia Cary Hudson)</subfield>
  </datafield>
  <datafield tag="670" ind1=" " ind2=" ">
    <subfield code="a">LC data base, 5/1/87</subfield>
    <subfield code="b">(hdg.: Hudson, Virginia Cary)</subfield>
  </datafield>
  <datafield tag="953" ind1=" " ind2=" ">
    <subfield code="a">bd15</subfield>
  </datafield>
</record>