
<record>
  <leader>00458cz  a2200157n  4500</leader>
  <controlfield tag="001">1108727</controlfield>
  <controlfield tag="003">DLC</controlfield>
  <controlfield tag="005">20200102015858.0</controlfield>
  <controlfield tag="008">860224n| azannaabn          |n aad      </controlfield>
  <datafield tag="010" ind1=" " ind2=" ">
    <subfield code="a">n  86809314 </subfield>
  </datafield>
  <datafield tag="035" ind1=" " ind2=" ">
    <subfield code="a">(OCoLC)oca01506556</subfield>
  </datafield>
  <datafield tag="040" ind1=" " ind2=" ">
    <subfield code="a">DLC</subfield>
    <subfield code="b">eng</subfield>
    <subfield code="e">rda</subfield>
    <subfield code="c">DLC</subfield>
    <subfield code="d">OCoLC</subfield>
    <subfield code="d">DLC</subfield>
  </datafield>
  <datafield tag="100" ind1="1" ind2=" ">
    <subfield code="a">Haggiag, Michael</subfield>
  </datafield>
  <datafield tag="375" ind1=" " ind2=" ">
    <subfield code="a">Males</subfield>
    <subfield code="2">lcdgt</subfield>
  </datafield>
  <datafield tag="377" ind1=" " ind2=" ">
    <subfield code="a">eng</subfield>
  </datafield>
  <datafield tag="670" ind1=" " ind2=" ">
    <subfield code="a">nuc86-16338: The Film encyclopedia, 1983-</subfield>
    <subfield code="b">(hdg. on NcD rept.: Haggiag, Michael; usage: Michael Haggiag)</subfield>
  </datafield>
</record>