
<record>
  <leader>00922cz  a2200181n  4500</leader>
  <controlfield tag="001">1143363</controlfield>
  <controlfield tag="003">DLC</controlfield>
  <controlfield tag="005">20200102125640.0</controlfield>
  <controlfield tag="008">880915n| acannaab           |a aaa     c</controlfield>
  <datafield tag="010" ind1=" " ind2=" ">
    <subfield code="a">n  88139724 </subfield>
  </datafield>
  <datafield tag="035" ind1=" " ind2=" ">
    <subfield code="a">(DLC)n  88139724</subfield>
  </datafield>
  <datafield tag="040" ind1=" " ind2=" ">
    <subfield code="a">CSt</subfield>
    <subfield code="c">DLC</subfield>
    <subfield code="d">DLC</subfield>
    <subfield code="d">DLC</subfield>
  </datafield>
  <datafield tag="100" ind1="0" ind2=" ">
    <subfield code="a">Gentleman of America</subfield>
  </datafield>
  <datafield tag="500" ind1="1" ind2=" ">
    <subfield code="a">Smith, James</subfield>
    <subfield code="c">(Judge advocate)</subfield>
  </datafield>
  <datafield tag="667" ind1=" " ind2=" ">
    <subfield code="a">Although this pamphlet was attributed to Richard Berresford and later to Dr. James Smith, the introduction to the 1928 reprint edition cast doubt on either of these ascriptions. However, a definitive identification of Smith as the author is provided in John Carter Brown Library Report, 1935-1936, pages 13-15.</subfield>
  </datafield>
  <datafield tag="670" ind1=" " ind2=" ">
    <subfield code="a">His Some considerations on the consequences of the French settling colonies on the Mississippi [MI] 1720:</subfield>
    <subfield code="b">t.p. (a gentleman of America)</subfield>
  </datafield>
  <datafield tag="675" ind1=" " ind2=" ">
    <subfield code="a">Cushing, W. Init. and pseud.;</subfield>
    <subfield code="a">Halkett &amp; Laing;</subfield>
    <subfield code="a">Stonehill, C. Anon. and pseud.</subfield>
  </datafield>
  <datafield tag="953" ind1=" " ind2=" ">
    <subfield code="a">bz03</subfield>
  </datafield>
</record>