
<record>
  <leader>01766cz  a2200301n  4500</leader>
  <controlfield tag="001">1162678</controlfield>
  <controlfield tag="003">DLC</controlfield>
  <controlfield tag="005">20200102095643.0</controlfield>
  <controlfield tag="008">881213n| acannaabn          |b aaa      </controlfield>
  <datafield tag="010" ind1=" " ind2=" ">
    <subfield code="a">n  88679864 </subfield>
  </datafield>
  <datafield tag="035" ind1=" " ind2=" ">
    <subfield code="a">(OCoLC)oca02422476</subfield>
  </datafield>
  <datafield tag="040" ind1=" " ind2=" ">
    <subfield code="a">DLC</subfield>
    <subfield code="b">eng</subfield>
    <subfield code="c">DLC</subfield>
    <subfield code="d">DLC</subfield>
    <subfield code="d">OCoLC</subfield>
    <subfield code="d">DLC</subfield>
    <subfield code="d">OCoLC</subfield>
    <subfield code="d">DLC</subfield>
  </datafield>
  <datafield tag="046" ind1=" " ind2=" ">
    <subfield code="f">1908-06-12</subfield>
    <subfield code="g">1977-08-17</subfield>
    <subfield code="2">edtf</subfield>
  </datafield>
  <datafield tag="053" ind1=" " ind2="0">
    <subfield code="a">PJ7876.A5</subfield>
  </datafield>
  <datafield tag="100" ind1="1" ind2=" ">
    <subfield code="a">Zakarīyā, Mufdī,</subfield>
    <subfield code="d">1908-1977</subfield>
  </datafield>
  <datafield tag="370" ind1=" " ind2=" ">
    <subfield code="c">Algeria</subfield>
    <subfield code="2">naf</subfield>
  </datafield>
  <datafield tag="400" ind1="1" ind2=" ">
    <subfield code="a">Āl al-Shaykh, Sulaymān ibn Yaḥyá,</subfield>
    <subfield code="d">1908-1977</subfield>
  </datafield>
  <datafield tag="400" ind1="1" ind2=" ">
    <subfield code="a">Ibn Sulaymān, Sulaymān ibn Yaḥyá,</subfield>
    <subfield code="d">1908-1977</subfield>
  </datafield>
  <datafield tag="400" ind1="1" ind2=" ">
    <subfield code="a">Zakaria, Moufdi,</subfield>
    <subfield code="d">1908-1977</subfield>
  </datafield>
  <datafield tag="400" ind1="1" ind2=" ">
    <subfield code="a">زكريا، مفدي,</subfield>
    <subfield code="d">1908-1977</subfield>
  </datafield>
  <datafield tag="400" ind1="1" ind2=" ">
    <subfield code="a">مفدي زكريا,</subfield>
    <subfield code="d">1908-1977</subfield>
  </datafield>
  <datafield tag="667" ind1=" " ind2=" ">
    <subfield code="a">Machine-derived non-Latin script reference project.</subfield>
  </datafield>
  <datafield tag="667" ind1=" " ind2=" ">
    <subfield code="a">Non-Latin script references not evaluated.</subfield>
  </datafield>
  <datafield tag="670" ind1=" " ind2=" ">
    <subfield code="a">nuc88-136958: His Min waḥy al-Aṭlas, 1976-</subfield>
    <subfield code="b">(hdg. on MiU rept.: Zakarīyā, Mufdī; usage: Mufdī Zakarīyā)</subfield>
  </datafield>
  <datafield tag="670" ind1=" " ind2=" ">
    <subfield code="a">Muḥammad, A.S. Dirāsāt fī al-adab al-ʻArabī, 1986:</subfield>
    <subfield code="b">v. 1, p. 27 (Mufdī Zakariyā; Algerian poet; b. 1913)</subfield>
  </datafield>
  <datafield tag="670" ind1=" " ind2=" ">
    <subfield code="a">Taʼammulāt fī Ilyādhat al-Jazāʼir li-Mufdī Zakarīyā, 1989:</subfield>
    <subfield code="b">t.p. (Mufdī Zakarīyā) p. 38, etc. (Mufdī Zakarīyā, Sulaymān ibn Yaḥyá ibn Sulaymān Āl al-Shaykh, b. 1908 M; d. 8/17/1977)</subfield>
  </datafield>
  <datafield tag="670" ind1=" " ind2=" ">
    <subfield code="a">Moufdi Zakaria vu par l&apos;administration coloniale, 2006:</subfield>
    <subfield code="b">t.p. (Moufdi Zakaria) added t.p. (Mufdī Zakariyā)</subfield>
  </datafield>
  <datafield tag="670" ind1=" " ind2=" ">
    <subfield code="a">Wikipedia, viewed Dec. 30, 2019</subfield>
    <subfield code="b">(Moufdi Zakaria (born Zekri Cheikh; 12 June 1908-17 August 1977) ; Cheikh Zakaria Ben Slimane Ben Yahia Ben Cheikh Slimane Ben Hadj Aissa ; was an Algerian activist, poet and writer. He wrote &quot;Kassaman&quot;, the Algerian national anthem while in prison in 1955)</subfield>
  </datafield>
</record>