
<record>
  <leader>01901cz  a2200289n  4500</leader>
  <controlfield tag="001">1410993</controlfield>
  <controlfield tag="003">DLC</controlfield>
  <controlfield tag="005">20200102073108.0</controlfield>
  <controlfield tag="008">780426n| azannaabn          |a aaa      </controlfield>
  <datafield tag="010" ind1=" " ind2=" ">
    <subfield code="a">n  78021869 </subfield>
  </datafield>
  <datafield tag="035" ind1=" " ind2=" ">
    <subfield code="a">(OCoLC)oca00158232</subfield>
  </datafield>
  <datafield tag="040" ind1=" " ind2=" ">
    <subfield code="a">DLC</subfield>
    <subfield code="c">DLC</subfield>
    <subfield code="b">eng</subfield>
    <subfield code="e">rda</subfield>
    <subfield code="d">DLC</subfield>
    <subfield code="d">IsJJNL</subfield>
  </datafield>
  <datafield tag="046" ind1=" " ind2=" ">
    <subfield code="f">1931</subfield>
    <subfield code="g">2018</subfield>
    <subfield code="2">edtf</subfield>
  </datafield>
  <datafield tag="100" ind1="1" ind2=" ">
    <subfield code="a">Gröschel, Dieter H. M.</subfield>
    <subfield code="q">(Dieter Hans Max),</subfield>
    <subfield code="d">1931-2018</subfield>
  </datafield>
  <datafield tag="370" ind1=" " ind2=" ">
    <subfield code="a">Germany</subfield>
    <subfield code="b">Charlottesville (Va.)</subfield>
    <subfield code="2">naf</subfield>
  </datafield>
  <datafield tag="370" ind1=" " ind2=" ">
    <subfield code="e">United States</subfield>
    <subfield code="2">naf</subfield>
    <subfield code="s">1963</subfield>
    <subfield code="t">2018</subfield>
  </datafield>
  <datafield tag="372" ind1=" " ind2=" ">
    <subfield code="a">Diagnostic microbiology</subfield>
    <subfield code="2">lcsh</subfield>
  </datafield>
  <datafield tag="374" ind1=" " ind2=" ">
    <subfield code="a">Physicians</subfield>
    <subfield code="a">College teachers</subfield>
    <subfield code="a">Editors</subfield>
    <subfield code="2">lcsh</subfield>
  </datafield>
  <datafield tag="375" ind1=" " ind2=" ">
    <subfield code="a">Males</subfield>
    <subfield code="2">lcdgt</subfield>
  </datafield>
  <datafield tag="377" ind1=" " ind2=" ">
    <subfield code="a">eng</subfield>
  </datafield>
  <datafield tag="400" ind1="1" ind2=" ">
    <subfield code="w">nne</subfield>
    <subfield code="a">Gröschel, Dieter H. M.</subfield>
    <subfield code="q">(Dieter Hans Max),</subfield>
    <subfield code="d">1931-</subfield>
  </datafield>
  <datafield tag="400" ind1="1" ind2=" ">
    <subfield code="w">nna</subfield>
    <subfield code="a">Gröschel, Dieter,</subfield>
    <subfield code="d">1931-</subfield>
  </datafield>
  <datafield tag="670" ind1=" " ind2=" ">
    <subfield code="a">Occurence, diagnosis ... c1978 (a.e.)</subfield>
    <subfield code="b">t.p. (Dieter Gröschel, Dept. of Lab. Med., Univ. of Texas System Cancer Ctr., Houston) CIP data sheet (b. 5/13/31)</subfield>
  </datafield>
  <datafield tag="670" ind1=" " ind2=" ">
    <subfield code="a">Laboratory safety, 1986:CIP t.p. (Dieter H.M. Gröschel, Univ. of Va. Medical Center, Charlottesville, Va.)</subfield>
  </datafield>
  <datafield tag="670" ind1=" " ind2=" ">
    <subfield code="a">Phone call to Univ. of Va. Medical Center, 8-20-85</subfield>
    <subfield code="b">(Dieter Hans Max Gröschel)</subfield>
  </datafield>
  <datafield tag="670" ind1=" " ind2=" ">
    <subfield code="a">Jewish flyers in the World War, 2019:</subfield>
    <subfield code="b">title page (edited by Dr. Dieter H. M. Gröschel)  inside back cover (Dieter H. M. Gröschel, M.D., native of Germany, studied medicine in Germany after training in clinical microbiology; emigrated to USA in 1963; held professorships as clinical microbiologist at Temple University, University of Texas at Houston and University of Virginia schools of medicine; he published more than 250 articles and book chapters and was on the editorial boards or editor of 12 medical journals; he published 20 articles on WW1 aviation history and served as an editor of the US aviation history journal, Over the Front, from 1998-2002; Dr. Gröschel died in Charlottesville, Virginia in March 2018)</subfield>
  </datafield>
  <datafield tag="953" ind1=" " ind2=" ">
    <subfield code="a">bd01</subfield>
    <subfield code="b">br30</subfield>
  </datafield>
</record>