
<record>
  <leader>00901cz  a2200229n  4500</leader>
  <controlfield tag="001">1433199</controlfield>
  <controlfield tag="003">DLC</controlfield>
  <controlfield tag="005">20200102140300.0</controlfield>
  <controlfield tag="008">800819n| azannaab|          |b aaa      </controlfield>
  <datafield tag="010" ind1=" " ind2=" ">
    <subfield code="a">n  80002479 </subfield>
  </datafield>
  <datafield tag="035" ind1=" " ind2=" ">
    <subfield code="a">(DLC)n  80002479</subfield>
  </datafield>
  <datafield tag="040" ind1=" " ind2=" ">
    <subfield code="a">DLC</subfield>
    <subfield code="b">eng</subfield>
    <subfield code="e">rda</subfield>
    <subfield code="c">DLC</subfield>
    <subfield code="d">Uk</subfield>
    <subfield code="d">DLC</subfield>
  </datafield>
  <datafield tag="100" ind1="1" ind2=" ">
    <subfield code="a">Demarest, Robert J.</subfield>
  </datafield>
  <datafield tag="400" ind1="1" ind2=" ">
    <subfield code="a">Dīmārist, Rābirt J.</subfield>
  </datafield>
  <datafield tag="400" ind1="1" ind2=" ">
    <subfield code="a">ديمارست، رابرت ج.</subfield>
  </datafield>
  <datafield tag="667" ind1=" " ind2=" ">
    <subfield code="a">Non-Latin script reference not evaluated.</subfield>
  </datafield>
  <datafield tag="670" ind1=" " ind2=" ">
    <subfield code="a">Noback, C. R.</subfield>
    <subfield code="b">The human nervous system, 1967.</subfield>
  </datafield>
  <datafield tag="670" ind1=" " ind2=" ">
    <subfield code="a">BL AL recd. 24 Oct. 1988</subfield>
    <subfield code="b">(Robert John Demarest, born 1928)</subfield>
  </datafield>
  <datafield tag="670" ind1=" " ind2=" ">
    <subfield code="a">Information from 678 converted Dec. 16, 2014</subfield>
    <subfield code="b">(medical illustrator)</subfield>
  </datafield>
  <datafield tag="670" ind1=" " ind2=" ">
    <subfield code="a">Ābistanī, tavallud, jilawgīrī az ābistanī, [1973 or 1974] :</subfield>
    <subfield code="b">t.p. (رابرت ج. ديمارست = Rābirt J. Dīmārist) t.p. verso (Robert J. Demarest [in rom.])</subfield>
  </datafield>
  <datafield tag="952" ind1=" " ind2=" ">
    <subfield code="a">RETRO</subfield>
  </datafield>
  <datafield tag="953" ind1=" " ind2=" ">
    <subfield code="a">xx00</subfield>
    <subfield code="b">cm03</subfield>
  </datafield>
</record>