
<record>
  <leader>00542cz  a2200169n  4500</leader>
  <controlfield tag="001">1448144</controlfield>
  <controlfield tag="003">DLC</controlfield>
  <controlfield tag="005">20200102133546.0</controlfield>
  <controlfield tag="008">801208n| adannaab           |a aaa      </controlfield>
  <datafield tag="010" ind1=" " ind2=" ">
    <subfield code="a">n  80157309 </subfield>
  </datafield>
  <datafield tag="035" ind1=" " ind2=" ">
    <subfield code="a">(DLC)n  80157309</subfield>
  </datafield>
  <datafield tag="040" ind1=" " ind2=" ">
    <subfield code="a">DLC</subfield>
    <subfield code="b">eng</subfield>
    <subfield code="e">rda</subfield>
    <subfield code="c">DLC</subfield>
    <subfield code="d">DLC</subfield>
  </datafield>
  <datafield tag="100" ind1="1" ind2=" ">
    <subfield code="a">Burin, Sergeĭ Nikolaevich</subfield>
  </datafield>
  <datafield tag="400" ind1="1" ind2=" ">
    <subfield code="a">Burin, S. N.</subfield>
    <subfield code="q">(Sergeĭ Nikolaevich)</subfield>
  </datafield>
  <datafield tag="670" ind1=" " ind2=" ">
    <subfield code="a">His Konflikt ili soglasie? 1980:</subfield>
    <subfield code="b">t.p. (S. N. Burin) colophon (Sergeĭ Nikolaevich Burin)</subfield>
  </datafield>
  <datafield tag="670" ind1=" " ind2=" ">
    <subfield code="a">Sudʹby bezvestnye, 1994:</subfield>
    <subfield code="b">t.p. (Sergeĭ Burin)</subfield>
  </datafield>
  <datafield tag="953" ind1=" " ind2=" ">
    <subfield code="a">ee32</subfield>
    <subfield code="b">le04</subfield>
  </datafield>
</record>