
<record>
  <leader>01282cz  a2200265n  4500</leader>
  <controlfield tag="001">1459957</controlfield>
  <controlfield tag="003">DLC</controlfield>
  <controlfield tag="005">20200102073107.0</controlfield>
  <controlfield tag="008">811008n| azannaabn          |a aaa      </controlfield>
  <datafield tag="010" ind1=" " ind2=" ">
    <subfield code="a">n  81111849 </subfield>
  </datafield>
  <datafield tag="035" ind1=" " ind2=" ">
    <subfield code="a">(OCoLC)oca00656880</subfield>
  </datafield>
  <datafield tag="040" ind1=" " ind2=" ">
    <subfield code="a">DLC</subfield>
    <subfield code="b">eng</subfield>
    <subfield code="c">DLC</subfield>
    <subfield code="d">DLC</subfield>
    <subfield code="d">TxU</subfield>
    <subfield code="e">rda</subfield>
    <subfield code="d">MdRoLAC</subfield>
  </datafield>
  <datafield tag="100" ind1="1" ind2=" ">
    <subfield code="a">Frè, P.</subfield>
  </datafield>
  <datafield tag="370" ind1=" " ind2=" ">
    <subfield code="f">Torino (Italy)</subfield>
    <subfield code="2">naf</subfield>
  </datafield>
  <datafield tag="372" ind1=" " ind2=" ">
    <subfield code="a">Physics</subfield>
    <subfield code="2">lcsh</subfield>
  </datafield>
  <datafield tag="373" ind1=" " ind2=" ">
    <subfield code="a">Università di Torino</subfield>
    <subfield code="2">naf</subfield>
  </datafield>
  <datafield tag="400" ind1="1" ind2=" ">
    <subfield code="a">Frè, Pietro</subfield>
  </datafield>
  <datafield tag="400" ind1="1" ind2=" ">
    <subfield code="a">Frè, Pietro Giuseppe</subfield>
  </datafield>
  <datafield tag="670" ind1=" " ind2=" ">
    <subfield code="a">D&apos;Auria, R. Graded-lie-algebra cohomology and supergravity, 1980 (a.e.)</subfield>
    <subfield code="b">t.p. (P. Fré)</subfield>
  </datafield>
  <datafield tag="670" ind1=" " ind2=" ">
    <subfield code="a">Meeting on Superunification and Extra Dimensions (1st : 1985 : Turin, Italy). 1st Torino Meeting on Superu. and Ext. Dim., 1986:</subfield>
    <subfield code="b">CIP t.p. (P. Fré) data sheet (Pietro Fre)</subfield>
  </datafield>
  <datafield tag="670" ind1=" " ind2=" ">
    <subfield code="a">Classical and quantum black holes, 1999:</subfield>
    <subfield code="b">CIP t.p. (Pietro Fré; Dept. of Physics, Univ. of Turin, Italy)</subfield>
  </datafield>
  <datafield tag="670" ind1=" " ind2=" ">
    <subfield code="a">Gravity, a geometrical course, c2013:</subfield>
    <subfield code="b">v. 1, t.p. (Pietro Giuseppe Frè) t.p. verso (Pietro Giuseppe Frè; Dipartimento di Fisica Teorica, University of Torino, Torino, Italy)</subfield>
  </datafield>
  <datafield tag="670" ind1=" " ind2=" ">
    <subfield code="a">Author&apos;s home page, March 18, 2013</subfield>
    <subfield code="b">(Prof. Pietro Fré; Pietro Frè)</subfield>
  </datafield>
  <datafield tag="670" ind1=" " ind2=" ">
    <subfield code="a">OCLC database, March 18, 2013</subfield>
    <subfield code="b">(hdg.: Fré, P.; Frè, Pietro Giuseppe)</subfield>
  </datafield>
  <datafield tag="953" ind1=" " ind2=" ">
    <subfield code="a">ea15</subfield>
    <subfield code="b">ea06</subfield>
  </datafield>
</record>