
<record>
  <leader>00835cz  a2200229n  4500</leader>
  <controlfield tag="001">1473903</controlfield>
  <controlfield tag="003">DLC</controlfield>
  <controlfield tag="005">20200102145446.0</controlfield>
  <controlfield tag="008">821206n| azannaabn          |b aac      </controlfield>
  <datafield tag="010" ind1=" " ind2=" ">
    <subfield code="a">n  82101789 </subfield>
  </datafield>
  <datafield tag="035" ind1=" " ind2=" ">
    <subfield code="a">(OCoLC)oca00798349</subfield>
  </datafield>
  <datafield tag="040" ind1=" " ind2=" ">
    <subfield code="a">DLC</subfield>
    <subfield code="b">eng</subfield>
    <subfield code="e">rda</subfield>
    <subfield code="c">DLC</subfield>
    <subfield code="d">OCoLC</subfield>
    <subfield code="d">DLC</subfield>
  </datafield>
  <datafield tag="100" ind1="1" ind2=" ">
    <subfield code="a">Alimov, I. A.</subfield>
    <subfield code="q">(Ibragim Abdugapparovich)</subfield>
  </datafield>
  <datafield tag="400" ind1="1" ind2=" ">
    <subfield code="w">nnea</subfield>
    <subfield code="a">Alimov, Ibragim Abdugapparovich</subfield>
  </datafield>
  <datafield tag="400" ind1="1" ind2=" ">
    <subfield code="a">Алимов, И. А.</subfield>
    <subfield code="q">(Ибрагим Абдугаппарович)</subfield>
  </datafield>
  <datafield tag="400" ind1="1" ind2=" ">
    <subfield code="a">Алимов, Ибрагим Абдугаппарович</subfield>
  </datafield>
  <datafield tag="667" ind1=" " ind2=" ">
    <subfield code="a">Machine-derived non-Latin script reference project.</subfield>
  </datafield>
  <datafield tag="667" ind1=" " ind2=" ">
    <subfield code="a">Non-Latin script references not evaluated.</subfield>
  </datafield>
  <datafield tag="670" ind1=" " ind2=" ">
    <subfield code="a">Iz istorii druzhby ukrainskogo i uzbekskogo narodov, 1968.</subfield>
  </datafield>
  <datafield tag="670" ind1=" " ind2=" ">
    <subfield code="a">LC database, Jan. 2, 2020:</subfield>
    <subfield code="b">(usage: I.A. Alimov)</subfield>
  </datafield>
  <datafield tag="952" ind1=" " ind2=" ">
    <subfield code="a">RETRO</subfield>
  </datafield>
  <datafield tag="953" ind1=" " ind2=" ">
    <subfield code="a">xx00</subfield>
  </datafield>
</record>