
<record>
  <leader>01145cz  a2200253n  4500</leader>
  <controlfield tag="001">1485024</controlfield>
  <controlfield tag="003">DLC</controlfield>
  <controlfield tag="005">20200102114232.0</controlfield>
  <controlfield tag="008">840321n| azannaabn          |a aaa      </controlfield>
  <datafield tag="010" ind1=" " ind2=" ">
    <subfield code="a">n  82268159 </subfield>
  </datafield>
  <datafield tag="035" ind1=" " ind2=" ">
    <subfield code="a">(OCoLC)oca01077786</subfield>
  </datafield>
  <datafield tag="040" ind1=" " ind2=" ">
    <subfield code="a">DLC</subfield>
    <subfield code="b">eng</subfield>
    <subfield code="e">rda</subfield>
    <subfield code="c">DLC</subfield>
    <subfield code="d">DLC</subfield>
    <subfield code="d">Uk</subfield>
    <subfield code="d">DLC</subfield>
    <subfield code="d">ICU</subfield>
    <subfield code="d">OrU</subfield>
    <subfield code="d">DLC</subfield>
  </datafield>
  <datafield tag="046" ind1=" " ind2=" ">
    <subfield code="f">1939</subfield>
    <subfield code="g">2013</subfield>
  </datafield>
  <datafield tag="100" ind1="1" ind2=" ">
    <subfield code="a">Zohrabyan, Ē. A.</subfield>
    <subfield code="q">(Ēdik Artemi),</subfield>
    <subfield code="d">1939-2013</subfield>
  </datafield>
  <datafield tag="400" ind1="1" ind2=" ">
    <subfield code="a">Zohrabean, Ē. A.,</subfield>
    <subfield code="d">1939-2013</subfield>
  </datafield>
  <datafield tag="400" ind1="1" ind2=" ">
    <subfield code="a">Zohrapian, Ē. A.,</subfield>
    <subfield code="d">1939-2013</subfield>
  </datafield>
  <datafield tag="400" ind1="1" ind2=" ">
    <subfield code="a">Zograbi︠a︡n, Ėdik Artemovich,</subfield>
    <subfield code="d">1939-2013</subfield>
  </datafield>
  <datafield tag="400" ind1="1" ind2=" ">
    <subfield code="a">Zograbi︠a︡n, Ė. A.,</subfield>
    <subfield code="d">1939-2013</subfield>
  </datafield>
  <datafield tag="400" ind1="1" ind2=" ">
    <subfield code="w">nne</subfield>
    <subfield code="a">Zohrabian, Ē. A.</subfield>
  </datafield>
  <datafield tag="670" ind1=" " ind2=" ">
    <subfield code="a">His Sovetakan Rusastaně ev hay-tʻurkʻakan haraberutʻyunnerě, 1920-1922 t t ., 1979:</subfield>
    <subfield code="b">t.p. (Ē.A. Zohrabyan) colophon (Zograbi︠a︡n Ėdik Artemovich)</subfield>
  </datafield>
  <datafield tag="670" ind1=" " ind2=" ">
    <subfield code="a">1920tʻ. Tʻurkʻ-Haykakan Paterazmě ev terutʻyunnerě, 1997:</subfield>
    <subfield code="b">p. [1] (Ēdik Artemi Zohrabyan, b. 1939, Baghaburj)</subfield>
  </datafield>
  <datafield tag="670" ind1=" " ind2=" ">
    <subfield code="a">Yerevan State University, WWW, viewed March 9, 2016</subfield>
    <subfield code="b">(Edik Zohrabyan, 1939-2013)</subfield>
  </datafield>
  <datafield tag="670" ind1=" " ind2=" ">
    <subfield code="a">Sharur-Nakhichevan v 1918-1919 gg., 2012:</subfield>
    <subfield code="b">title page (Ė.A. Zograbi︠a︡n)</subfield>
  </datafield>
  <datafield tag="953" ind1=" " ind2=" ">
    <subfield code="a">bc99</subfield>
    <subfield code="b">ce03</subfield>
  </datafield>
</record>