
<record>
  <leader>01024cz  a2200265n  4500</leader>
  <controlfield tag="001">1494606</controlfield>
  <controlfield tag="003">DLC</controlfield>
  <controlfield tag="005">20200102010421.0</controlfield>
  <controlfield tag="008">831031n| azannaabn          |a aaa      </controlfield>
  <datafield tag="010" ind1=" " ind2=" ">
    <subfield code="a">n  83161969 </subfield>
  </datafield>
  <datafield tag="035" ind1=" " ind2=" ">
    <subfield code="a">(OCoLC)oca01114595</subfield>
  </datafield>
  <datafield tag="040" ind1=" " ind2=" ">
    <subfield code="a">DLC</subfield>
    <subfield code="b">eng</subfield>
    <subfield code="c">DLC</subfield>
    <subfield code="d">OCoLC</subfield>
    <subfield code="e">rda</subfield>
    <subfield code="d">DLC</subfield>
  </datafield>
  <datafield tag="046" ind1=" " ind2=" ">
    <subfield code="f">1911</subfield>
    <subfield code="g">19772</subfield>
    <subfield code="2">edtf</subfield>
  </datafield>
  <datafield tag="100" ind1="1" ind2=" ">
    <subfield code="a">Paniker, K. C. S.</subfield>
    <subfield code="q">(Kolozhi Cheerambathur Sankara),</subfield>
    <subfield code="d">1911-1977</subfield>
  </datafield>
  <datafield tag="370" ind1=" " ind2=" ">
    <subfield code="c">India</subfield>
    <subfield code="2">naf</subfield>
  </datafield>
  <datafield tag="372" ind1=" " ind2=" ">
    <subfield code="a">Painting</subfield>
    <subfield code="2">lcsh</subfield>
  </datafield>
  <datafield tag="374" ind1=" " ind2=" ">
    <subfield code="a">Painters</subfield>
    <subfield code="2">lcdgt</subfield>
  </datafield>
  <datafield tag="375" ind1=" " ind2=" ">
    <subfield code="a">Males</subfield>
    <subfield code="2">lcdgt</subfield>
  </datafield>
  <datafield tag="378" ind1=" " ind2=" ">
    <subfield code="q">Kolozhi Cheerambathur Sankara</subfield>
  </datafield>
  <datafield tag="400" ind1="1" ind2=" ">
    <subfield code="a">Paniker, Kolozhi Cheerambathur Sankara,</subfield>
    <subfield code="d">1911-1977</subfield>
  </datafield>
  <datafield tag="400" ind1="0" ind2=" ">
    <subfield code="a">Kolozhi Cheerambathur Sankara Paniker,</subfield>
    <subfield code="d">1911-1977</subfield>
  </datafield>
  <datafield tag="400" ind1="1" ind2=" ">
    <subfield code="a">Paṇikkar, Ke. Si. Es.,</subfield>
    <subfield code="d">1911-1977</subfield>
  </datafield>
  <datafield tag="670" ind1=" " ind2=" ">
    <subfield code="a">Chitram ezhuthu, 1979:</subfield>
    <subfield code="b">t.p. (K.C.S. Paniker) p. 42 (Kolozhi Cheerambathur Sankara Paniker; b. 1911; d. 1977)</subfield>
  </datafield>
  <datafield tag="670" ind1=" " ind2=" ">
    <subfield code="a">Ke. Si. Es. Paṇikkar, kalayum kālavuṃ, 2011:</subfield>
    <subfield code="b">t.p. (Ke. Si. Es. Paṇikkar) p. 4 of cover (Indian painter)</subfield>
  </datafield>
  <datafield tag="670" ind1=" " ind2=" ">
    <subfield code="a">Ke Si Es Paṇkkar, December 2010.</subfield>
  </datafield>
</record>