
<record>
  <leader>00874cz  a2200169n  4500</leader>
  <controlfield tag="001">1670783</controlfield>
  <controlfield tag="003">DLC</controlfield>
  <controlfield tag="005">20200102163705.0</controlfield>
  <controlfield tag="008">910314n| azannaab           |n aaa      </controlfield>
  <datafield tag="010" ind1=" " ind2=" ">
    <subfield code="a">n  91026029 </subfield>
  </datafield>
  <datafield tag="035" ind1=" " ind2=" ">
    <subfield code="a">(DLC)n  91026029</subfield>
  </datafield>
  <datafield tag="040" ind1=" " ind2=" ">
    <subfield code="a">DLC</subfield>
    <subfield code="b">eng</subfield>
    <subfield code="e">rda</subfield>
    <subfield code="c">DLC</subfield>
    <subfield code="d">DLC</subfield>
  </datafield>
  <datafield tag="053" ind1=" " ind2="0">
    <subfield code="a">PS3602.U768514</subfield>
  </datafield>
  <datafield tag="100" ind1="1" ind2=" ">
    <subfield code="a">Burr, David Stanford</subfield>
  </datafield>
  <datafield tag="670" ind1=" " ind2=" ">
    <subfield code="a">His The love poems of Lord Byron, 1990:</subfield>
    <subfield code="b">t.p. (David Stanford Burr)</subfield>
  </datafield>
  <datafield tag="670" ind1=" " ind2=" ">
    <subfield code="a">Ledger domain, 2019:</subfield>
    <subfield code="b">t.p. (David Stanford Burr) page 4 of cover (currently works at St. Martin&apos;s/Macmillan serving as managing editor for trade paperback books; author of The poet&apos;s notebook; lives in Maplewood, New Jersey) page facing t.p. (Also by David Stanford Burr: Anthology editor of The love poems of Lord Byron, The love poems of John Keats, Love poems, Poems of American spirit, Fun and fancy, Visionary poems, Christmas poems)</subfield>
  </datafield>
  <datafield tag="953" ind1=" " ind2=" ">
    <subfield code="a">bg01</subfield>
  </datafield>
</record>