
<record>
  <leader>01240cz  a2200229n  4500</leader>
  <controlfield tag="001">1691200</controlfield>
  <controlfield tag="003">DLC</controlfield>
  <controlfield tag="005">20200102073108.0</controlfield>
  <controlfield tag="008">920320n| azannaabn          |n aaa      </controlfield>
  <datafield tag="010" ind1=" " ind2=" ">
    <subfield code="a">n  92031229 </subfield>
  </datafield>
  <datafield tag="035" ind1=" " ind2=" ">
    <subfield code="a">(OCoLC)oca03134728</subfield>
  </datafield>
  <datafield tag="040" ind1=" " ind2=" ">
    <subfield code="a">DLC</subfield>
    <subfield code="b">eng</subfield>
    <subfield code="e">rda</subfield>
    <subfield code="c">DLC</subfield>
    <subfield code="d">KyU</subfield>
  </datafield>
  <datafield tag="046" ind1=" " ind2=" ">
    <subfield code="f">1853-12-23</subfield>
    <subfield code="g">1932-07-07</subfield>
    <subfield code="2">edtf</subfield>
  </datafield>
  <datafield tag="100" ind1="1" ind2=" ">
    <subfield code="a">Allison, Young Ewing,</subfield>
    <subfield code="d">1853-1932</subfield>
  </datafield>
  <datafield tag="370" ind1=" " ind2=" ">
    <subfield code="a">Henderson (Ky.)</subfield>
    <subfield code="b">Louisville (Ky.)</subfield>
    <subfield code="c">United States</subfield>
    <subfield code="e">Louisville (Ky.)</subfield>
    <subfield code="2">naf</subfield>
  </datafield>
  <datafield tag="374" ind1=" " ind2=" ">
    <subfield code="a">Authors</subfield>
    <subfield code="a">Newspaper editors</subfield>
    <subfield code="a">Composers</subfield>
    <subfield code="2">lcsh</subfield>
  </datafield>
  <datafield tag="375" ind1=" " ind2=" ">
    <subfield code="a">Males</subfield>
    <subfield code="2">lcdgt</subfield>
  </datafield>
  <datafield tag="377" ind1=" " ind2=" ">
    <subfield code="a">eng</subfield>
  </datafield>
  <datafield tag="670" ind1=" " ind2=" ">
    <subfield code="a">NUCMC data from Indiana Historical Society for Fortune, W. Papers, 1881-1942</subfield>
    <subfield code="b">(Young Allison)</subfield>
  </datafield>
  <datafield tag="670" ind1=" " ind2=" ">
    <subfield code="a">NUCMC files</subfield>
    <subfield code="b">(Young Ewing Allison, 1853-1932; author and insurance editor, of Louisville, Ky.)</subfield>
  </datafield>
  <datafield tag="670" ind1=" " ind2=" ">
    <subfield code="a">Kentucky Encyclopedia, ©1992:</subfield>
    <subfield code="b">page 17 (Young Ewing Allison, a writer and editor, was born in Henderson, Ky. on December 23, 1853.  Worked as a newspaper typesetter and editor for two newspapers in Evansville, Indiana. In 1880 he became teh city editor of the Louisville Courier-Journal, then founded and edited two insurance trade newspapers.  Author of the poem &quot;Derelict&quot;, many songs and four operas. Died July 7, 1932 in Louisville, Ky.)</subfield>
  </datafield>
  <datafield tag="953" ind1=" " ind2=" ">
    <subfield code="a">vm09</subfield>
  </datafield>
</record>