
<record>
  <leader>04038cz  a2200685n  4500</leader>
  <controlfield tag="001">1869392</controlfield>
  <controlfield tag="003">DLC</controlfield>
  <controlfield tag="005">20200102001734.0</controlfield>
  <controlfield tag="008">800812n| azannaabn          |a aaa      </controlfield>
  <datafield tag="010" ind1=" " ind2=" ">
    <subfield code="a">n  50048481 </subfield>
  </datafield>
  <datafield tag="035" ind1=" " ind2=" ">
    <subfield code="a">(OCoLC)oca00083557</subfield>
  </datafield>
  <datafield tag="040" ind1=" " ind2=" ">
    <subfield code="a">DLC</subfield>
    <subfield code="b">eng</subfield>
    <subfield code="e">rda</subfield>
    <subfield code="c">DLC</subfield>
    <subfield code="d">DLC</subfield>
    <subfield code="d">NIC</subfield>
    <subfield code="d">DLC</subfield>
    <subfield code="d">OCoLC</subfield>
    <subfield code="d">SG-SiILA</subfield>
    <subfield code="d">DLC</subfield>
  </datafield>
  <datafield tag="046" ind1=" " ind2=" ">
    <subfield code="f">1912-04-17</subfield>
    <subfield code="g">1999-04-10</subfield>
    <subfield code="2">edtf</subfield>
  </datafield>
  <datafield tag="053" ind1=" " ind2="0">
    <subfield code="a">PL4718.9.S57</subfield>
  </datafield>
  <datafield tag="370" ind1=" " ind2=" ">
    <subfield code="a">Thakazhi (India)</subfield>
  </datafield>
  <datafield tag="372" ind1=" " ind2=" ">
    <subfield code="a">Literature</subfield>
    <subfield code="2">lcsh</subfield>
  </datafield>
  <datafield tag="374" ind1=" " ind2=" ">
    <subfield code="a">Authors</subfield>
    <subfield code="2">lcsh</subfield>
  </datafield>
  <datafield tag="375" ind1=" " ind2=" ">
    <subfield code="a">Males</subfield>
    <subfield code="2">lcsh</subfield>
  </datafield>
  <datafield tag="377" ind1=" " ind2=" ">
    <subfield code="a">mal</subfield>
  </datafield>
  <datafield tag="100" ind1="1" ind2=" ">
    <subfield code="a">Śivaśaṅkarapiḷḷa, Takal̲i,</subfield>
    <subfield code="d">1912-1999</subfield>
  </datafield>
  <datafield tag="400" ind1="0" ind2=" ">
    <subfield code="a">Thakazhi Sivasankara Pillai,</subfield>
    <subfield code="d">1912-1999</subfield>
  </datafield>
  <datafield tag="400" ind1="1" ind2=" ">
    <subfield code="a">Pillai, Thakazhi Sivasankara,</subfield>
    <subfield code="d">1912-1999</subfield>
  </datafield>
  <datafield tag="400" ind1="1" ind2=" ">
    <subfield code="w">nnaa</subfield>
    <subfield code="a">Sivasankara Pillai, Thakazhi,</subfield>
    <subfield code="d">1914-</subfield>
  </datafield>
  <datafield tag="400" ind1="1" ind2=" ">
    <subfield code="a">Sivasankara Pillai, T.,</subfield>
    <subfield code="d">1912-1999</subfield>
  </datafield>
  <datafield tag="400" ind1="0" ind2=" ">
    <subfield code="a">Takal̲i Śivaśaṅkarapiḷḷa,</subfield>
    <subfield code="d">1912-1999</subfield>
  </datafield>
  <datafield tag="400" ind1="1" ind2=" ">
    <subfield code="a">Pillai, T. Sivasankara,</subfield>
    <subfield code="d">1912-1999</subfield>
  </datafield>
  <datafield tag="400" ind1="0" ind2=" ">
    <subfield code="a">Takashi Śivaśaṅkara Pillā,</subfield>
    <subfield code="d">1912-1999</subfield>
  </datafield>
  <datafield tag="400" ind1="1" ind2=" ">
    <subfield code="a">Śivaśaṅkara Pilla, Takashī,</subfield>
    <subfield code="d">1912-1999</subfield>
  </datafield>
  <datafield tag="400" ind1="0" ind2=" ">
    <subfield code="a">Takashī Śivaśaṅkarapilla,</subfield>
    <subfield code="d">1912-1999</subfield>
  </datafield>
  <datafield tag="400" ind1="1" ind2=" ">
    <subfield code="a">Pilla, Takashī Śivaśaṅkara,</subfield>
    <subfield code="d">1912-1999</subfield>
  </datafield>
  <datafield tag="400" ind1="1" ind2=" ">
    <subfield code="a">Civacaṅkaran̲ Piḷḷai, Takal̲i,</subfield>
    <subfield code="d">1912-1999</subfield>
  </datafield>
  <datafield tag="400" ind1="0" ind2=" ">
    <subfield code="a">Takal̲i Civacaṅkaran̲ Piḷḷai,</subfield>
    <subfield code="d">1912-1999</subfield>
  </datafield>
  <datafield tag="400" ind1="1" ind2=" ">
    <subfield code="a">Pillai, Thakazhi S.,</subfield>
    <subfield code="d">1912-1999</subfield>
  </datafield>
  <datafield tag="400" ind1="0" ind2=" ">
    <subfield code="a">Thakazhi S. Pillai,</subfield>
    <subfield code="d">1912-1999</subfield>
  </datafield>
  <datafield tag="400" ind1="1" ind2=" ">
    <subfield code="a">Sivasankara Pillai, Takali,</subfield>
    <subfield code="d">1912-1999</subfield>
  </datafield>
  <datafield tag="400" ind1="1" ind2=" ">
    <subfield code="a">Sivasankara Pillai, Takashi,</subfield>
    <subfield code="d">1912-1999</subfield>
  </datafield>
  <datafield tag="400" ind1="1" ind2=" ">
    <subfield code="a">Śivasankara Pillai, Takajhī,</subfield>
    <subfield code="d">1912-1999</subfield>
  </datafield>
  <datafield tag="400" ind1="1" ind2=" ">
    <subfield code="a">Civacaṅkarap Piḷḷai, Takal̲i,</subfield>
    <subfield code="d">1912-1999</subfield>
  </datafield>
  <datafield tag="400" ind1="0" ind2=" ">
    <subfield code="a">Thakazhi Pillai,</subfield>
    <subfield code="d">1912-1999</subfield>
  </datafield>
  <datafield tag="400" ind1="1" ind2=" ">
    <subfield code="a">Pillai, Thakazhi,</subfield>
    <subfield code="d">1912-1999</subfield>
  </datafield>
  <datafield tag="400" ind1="1" ind2=" ">
    <subfield code="a">Sivasankara Pillai, Thakazhi,</subfield>
    <subfield code="d">1912-1999</subfield>
  </datafield>
  <datafield tag="400" ind1="1" ind2=" ">
    <subfield code="a">Civacaṅkarappiḷḷai, Takal̲i,</subfield>
    <subfield code="d">1912-1999</subfield>
  </datafield>
  <datafield tag="400" ind1="0" ind2=" ">
    <subfield code="a">Takal̲i Civacaṅkarappiḷḷai,</subfield>
    <subfield code="d">1912-1999</subfield>
  </datafield>
  <datafield tag="400" ind1="1" ind2=" ">
    <subfield code="a">Pillai, T. S.</subfield>
    <subfield code="q">(Thakazhi Sivasankara),</subfield>
    <subfield code="d">1912-1999</subfield>
  </datafield>
  <datafield tag="400" ind1="0" ind2=" ">
    <subfield code="a">Takal̲i,</subfield>
    <subfield code="d">1912-1999</subfield>
  </datafield>
  <datafield tag="400" ind1="0" ind2=" ">
    <subfield code="a">Thakazhi,</subfield>
    <subfield code="d">1912-1999</subfield>
  </datafield>
  <datafield tag="670" ind1=" " ind2=" ">
    <subfield code="a">Author&apos;s Chemmeen, 1962.</subfield>
  </datafield>
  <datafield tag="670" ind1=" " ind2=" ">
    <subfield code="a">Āizaka, Śīlā. Premacanda tathā Takashi Śivaśaṅkara Pillā ke upanyāsom ... 1976.</subfield>
  </datafield>
  <datafield tag="670" ind1=" " ind2=" ">
    <subfield code="a">LC data base, 8/20/86</subfield>
    <subfield code="b">(hdg.: Sivasankara Pillai, Thakazhi, 1914- ; usage: Thakal̲iSivaśaṅkarapilla; Thakazhi Sivasankara Pillai; T. Sivasankara Pillai; Takal̲i Sivaśaṅkarappiḷḷa)</subfield>
  </datafield>
  <datafield tag="670" ind1=" " ind2=" ">
    <subfield code="a">His Ōrmmayuṭe tīraṅṅaḷil, 1985:</subfield>
    <subfield code="b">t.p. (Takal̲i) p. facing t.p. (Thakazhy) p. 11 (Śivaśaṅkarappiḷḷa; b. 4/17/1912)</subfield>
  </datafield>
  <datafield tag="670" ind1=" " ind2=" ">
    <subfield code="a">Sāhityakāra ḍayar̲akṭar̲i, 1976:</subfield>
    <subfield code="b">p. 536 (Śivaśaṅkarappiḷḷa, Takal̲i; b. 5/9/1087)</subfield>
  </datafield>
  <datafield tag="670" ind1=" " ind2=" ">
    <subfield code="a">His Rassī, Malayālam kī kālajayī kr̥ti, 1992:</subfield>
    <subfield code="b">t.p. (Takashī Śivaśaṅkara Pilla)</subfield>
  </datafield>
  <datafield tag="670" ind1=" " ind2=" ">
    <subfield code="a">His Oru Kuṭṭanāṭan katha, 1992:</subfield>
    <subfield code="b">t.p. (Takal̲i Śivaśaṅkarappiḷḷa) p. opp. t.p. (Practicing lawyer, 1936-1957, at Ambalappuzha, Kerala: later full-time lit. work; ex-pres., Kerala Sahitya Akademi)</subfield>
  </datafield>
  <datafield tag="670" ind1=" " ind2=" ">
    <subfield code="a">Ēṇip paṭikaḷ, 1999:</subfield>
    <subfield code="b">t.p. (Takal̲i Civacaṅkaran̲ Piḷḷai)</subfield>
  </datafield>
  <datafield tag="670" ind1=" " ind2=" ">
    <subfield code="a">Thagazhi home page, via WWW, Dec. 29, 2005</subfield>
    <subfield code="b">(d. Apr. 10, 1999)</subfield>
  </datafield>
  <datafield tag="670" ind1=" " ind2=" ">
    <subfield code="a">OCLC, Dec. 29, 2005</subfield>
    <subfield code="b">(hdg.: Śivaśaṅkarapiḷḷa, Takal̲i, 1912- ; usages: Thakazhi S. Pillai; Takali Sivasankara Pillai; Takashi Sivasankara Pillai; Takajhī Śivasankara Pillai; Takal̲i Civacaṅkarap Piḷḷai; Thakazhi Pillai)</subfield>
  </datafield>
  <datafield tag="670" ind1=" " ind2=" ">
    <subfield code="a">Maṇṭai ōṭu, 2009:</subfield>
    <subfield code="b">t.p. (Takal̲i Civacaṅkarappiḷḷai)</subfield>
  </datafield>
  <datafield tag="670" ind1=" " ind2=" ">
    <subfield code="a">Chemmeen, 2011:</subfield>
    <subfield code="b">cover (T.S. Pillai) t.p. (Thakazhi Sivasankara Pillai)</subfield>
  </datafield>
  <datafield tag="670" ind1=" " ind2=" ">
    <subfield code="a">Takal̲iyuṭe sargapathaṅṅaḷ, March 2013:</subfield>
    <subfield code="b">t.p. (Takal̲i) p. facing t.p. (Thakazhi)</subfield>
  </datafield>
  <datafield tag="670" ind1=" " ind2=" ">
    <subfield code="a">Wikipedia, December 31, 2019:</subfield>
    <subfield code="b">under Thakazhi Sivasankara Pillai (hakazhi Sivasankara Pillai (17 April 1912-10 April 1999), popularly known as Thakazhi after his place of birth, was an Indian novelist and short story writer of Malayalam literature)</subfield>
    <subfield code="u">https://en.wikipedia.org/wiki/Thakazhi_Sivasankara_Pillai</subfield>
  </datafield>
</record>