
<record>
  <leader>00961cz  a2200229n  4500</leader>
  <controlfield tag="001">1908308</controlfield>
  <controlfield tag="003">DLC</controlfield>
  <controlfield tag="005">20200102140008.0</controlfield>
  <controlfield tag="008">800825n| azannaabn          |b aaa      </controlfield>
  <datafield tag="010" ind1=" " ind2=" ">
    <subfield code="a">n  80098201 </subfield>
  </datafield>
  <datafield tag="035" ind1=" " ind2=" ">
    <subfield code="a">(OCoLC)oca00479181</subfield>
  </datafield>
  <datafield tag="040" ind1=" " ind2=" ">
    <subfield code="a">DLC</subfield>
    <subfield code="b">eng</subfield>
    <subfield code="e">rda</subfield>
    <subfield code="c">DLC</subfield>
    <subfield code="d">OCoLC</subfield>
    <subfield code="d">DLC</subfield>
  </datafield>
  <datafield tag="100" ind1="1" ind2=" ">
    <subfield code="a">Zhdanov, V. P.</subfield>
    <subfield code="q">(Viktor Pavlovich)</subfield>
  </datafield>
  <datafield tag="400" ind1="1" ind2=" ">
    <subfield code="w">nnea</subfield>
    <subfield code="a">Zhdanov, Viktor Pavlovich</subfield>
  </datafield>
  <datafield tag="400" ind1="1" ind2=" ">
    <subfield code="a">Жданов, В. П.</subfield>
    <subfield code="q">(Виктор Павлович)</subfield>
  </datafield>
  <datafield tag="400" ind1="1" ind2=" ">
    <subfield code="a">Жданов, Виктор Павлович</subfield>
  </datafield>
  <datafield tag="667" ind1=" " ind2=" ">
    <subfield code="a">Machine-derived non-Latin script reference project.</subfield>
  </datafield>
  <datafield tag="667" ind1=" " ind2=" ">
    <subfield code="a">Non-Latin script references not evaluated.</subfield>
  </datafield>
  <datafield tag="670" ind1=" " ind2=" ">
    <subfield code="a">Zakony o raĭonnykh Sovetakh deputatov trudi︠a︡shchikhsi︠a︡ soi︠u︡znykh respublik, 1972.</subfield>
  </datafield>
  <datafield tag="670" ind1=" " ind2=" ">
    <subfield code="a">Grigorʹev, V. K. Vybory v mestnye Sovety narodnykh deputatov i pori︠a︡dok ikh provedenii︠a︡, 1982:</subfield>
    <subfield code="b">t.p. (V. P. Zhdanov) colophon (Viktor Pavlovich Zhdanov)</subfield>
  </datafield>
  <datafield tag="952" ind1=" " ind2=" ">
    <subfield code="a">RETRO</subfield>
  </datafield>
  <datafield tag="953" ind1=" " ind2=" ">
    <subfield code="a">xx00</subfield>
    <subfield code="b">ee32</subfield>
  </datafield>
</record>