
<record>
  <leader>00461cz  a2200157n  4500</leader>
  <controlfield tag="001">1980410</controlfield>
  <controlfield tag="003">DLC</controlfield>
  <controlfield tag="005">20200102132511.0</controlfield>
  <controlfield tag="008">841005n| azannaabn          |n aaa      </controlfield>
  <datafield tag="010" ind1=" " ind2=" ">
    <subfield code="a">n  84155871 </subfield>
  </datafield>
  <datafield tag="035" ind1=" " ind2=" ">
    <subfield code="a">(OCoLC)oca01215927</subfield>
  </datafield>
  <datafield tag="040" ind1=" " ind2=" ">
    <subfield code="a">DLC</subfield>
    <subfield code="b">eng</subfield>
    <subfield code="c">DLC</subfield>
    <subfield code="d">OCoLC</subfield>
    <subfield code="d">DLC</subfield>
    <subfield code="e">rda</subfield>
  </datafield>
  <datafield tag="100" ind1="1" ind2=" ">
    <subfield code="a">Mladenović, Ljubica</subfield>
  </datafield>
  <datafield tag="375" ind1=" " ind2=" ">
    <subfield code="a">female</subfield>
    <subfield code="2">lcdgt</subfield>
  </datafield>
  <datafield tag="670" ind1=" " ind2=" ">
    <subfield code="a">Her Građansko slikarstvo u Bosni i Hercegovini u XIX veku, 1982:</subfield>
    <subfield code="b">t.p. (Ljubica Mladenović)</subfield>
  </datafield>
  <datafield tag="953" ind1=" " ind2=" ">
    <subfield code="a">ee15</subfield>
    <subfield code="b">fg10</subfield>
  </datafield>
</record>