
<record>
  <leader>01396cz  a2200301n  4500</leader>
  <controlfield tag="001">2073793</controlfield>
  <controlfield tag="003">DLC</controlfield>
  <controlfield tag="005">20200102020515.0</controlfield>
  <controlfield tag="008">890411n| azannaabn          |a aaa      </controlfield>
  <datafield tag="010" ind1=" " ind2=" ">
    <subfield code="a">n  88123671 </subfield>
  </datafield>
  <datafield tag="035" ind1=" " ind2=" ">
    <subfield code="a">(OCoLC)oca02499847</subfield>
  </datafield>
  <datafield tag="040" ind1=" " ind2=" ">
    <subfield code="a">DLC</subfield>
    <subfield code="b">eng</subfield>
    <subfield code="e">rda</subfield>
    <subfield code="c">DLC</subfield>
    <subfield code="d">DLC</subfield>
    <subfield code="d">SG-SiILA</subfield>
    <subfield code="d">DLC</subfield>
  </datafield>
  <datafield tag="046" ind1=" " ind2=" ">
    <subfield code="f">1959-07-12</subfield>
    <subfield code="2">edtf</subfield>
  </datafield>
  <datafield tag="100" ind1="1" ind2=" ">
    <subfield code="a">Campat, Irāma,</subfield>
    <subfield code="d">1959-</subfield>
  </datafield>
  <datafield tag="370" ind1=" " ind2=" ">
    <subfield code="f">Puducherry (India)</subfield>
    <subfield code="2">naf</subfield>
  </datafield>
  <datafield tag="372" ind1=" " ind2=" ">
    <subfield code="a">Linguistics</subfield>
    <subfield code="a">Tamil litearture</subfield>
    <subfield code="2">lcsh</subfield>
  </datafield>
  <datafield tag="373" ind1=" " ind2=" ">
    <subfield code="a">Pondicherry Institute of Linguistics and Culture. Faculty of Literary Studies</subfield>
  </datafield>
  <datafield tag="375" ind1=" " ind2=" ">
    <subfield code="a">Males</subfield>
    <subfield code="2">lcdgt</subfield>
  </datafield>
  <datafield tag="377" ind1=" " ind2=" ">
    <subfield code="a">tam</subfield>
    <subfield code="a">eng</subfield>
  </datafield>
  <datafield tag="400" ind1="1" ind2=" ">
    <subfield code="a">Campat, Irā.,</subfield>
    <subfield code="d">1959-</subfield>
  </datafield>
  <datafield tag="400" ind1="0" ind2=" ">
    <subfield code="a">Irāma Campat,</subfield>
    <subfield code="d">1959-</subfield>
  </datafield>
  <datafield tag="400" ind1="1" ind2=" ">
    <subfield code="a">Sampath, Era.,</subfield>
    <subfield code="d">1959-</subfield>
  </datafield>
  <datafield tag="400" ind1="1" ind2=" ">
    <subfield code="a">Sampath, R.,</subfield>
    <subfield code="d">1959-</subfield>
  </datafield>
  <datafield tag="670" ind1=" " ind2=" ">
    <subfield code="a">His Putukkavitaiyil pir̲amol̲it tākkuravu, 1988:</subfield>
    <subfield code="b">title page (Irāma Campat, M.A., M.Phil., B.Ed.) page 4 of cover (b. 7/12/1959 ; doing his res. for Ph. D.)</subfield>
  </datafield>
  <datafield tag="670" ind1=" " ind2=" ">
    <subfield code="a">Peṇṇiya āyvukaḷ, 1998:</subfield>
    <subfield code="b">title page (Irā. Campat; editor)</subfield>
  </datafield>
  <datafield tag="670" ind1=" " ind2=" ">
    <subfield code="a">Email fr. auth., Dec. 12, 2008</subfield>
    <subfield code="b">(Dr. R. Sampath; son of Ramakrishnan; b. 1959; with Faculty of Literary Studies, Pondicherry Inst. of Linguistics and Culture (PILC))</subfield>
  </datafield>
  <datafield tag="670" ind1=" " ind2=" ">
    <subfield code="a">Kavi Kā. Mu. Śerippin̲ paṭaippāḷumai, 2016:</subfield>
    <subfield code="b">title page (Irā. Campat) title page verso (R. Sampath)</subfield>
  </datafield>
  <datafield tag="670" ind1=" " ind2=" ">
    <subfield code="a">Tuḷippā, 2018:</subfield>
    <subfield code="b">title page (Irā. Campat) title page verso (Era. Sampath)</subfield>
  </datafield>
</record>