
<record>
  <leader>00717cz  a2200193n  4500</leader>
  <controlfield tag="001">2082769</controlfield>
  <controlfield tag="003">DLC</controlfield>
  <controlfield tag="005">20200102155121.0</controlfield>
  <controlfield tag="008">890630n| azannaab           |n aaa     c</controlfield>
  <datafield tag="010" ind1=" " ind2=" ">
    <subfield code="a">n  88257361 </subfield>
  </datafield>
  <datafield tag="035" ind1=" " ind2=" ">
    <subfield code="a">(DLC)n  88257361</subfield>
  </datafield>
  <datafield tag="040" ind1=" " ind2=" ">
    <subfield code="a">PPiU</subfield>
    <subfield code="b">eng</subfield>
    <subfield code="e">rda</subfield>
    <subfield code="c">DLC</subfield>
    <subfield code="d">DLC</subfield>
  </datafield>
  <datafield tag="046" ind1=" " ind2=" ">
    <subfield code="f">1937</subfield>
    <subfield code="2">edtf</subfield>
  </datafield>
  <datafield tag="100" ind1="1" ind2=" ">
    <subfield code="a">Vučković, Petar</subfield>
  </datafield>
  <datafield tag="372" ind1=" " ind2=" ">
    <subfield code="a">Linguistics</subfield>
    <subfield code="2">lcsh</subfield>
  </datafield>
  <datafield tag="373" ind1=" " ind2=" ">
    <subfield code="a">Institut za strane jezike (Belgrade, Serbia)</subfield>
    <subfield code="2">naf</subfield>
  </datafield>
  <datafield tag="670" ind1=" " ind2=" ">
    <subfield code="a">Nastava srpskohrvatskog jezika kao stranog, 1986:</subfield>
    <subfield code="b">verso t.p. (Petar Vučković)</subfield>
  </datafield>
  <datafield tag="670" ind1=" " ind2=" ">
    <subfield code="a">Lingvistika kao interdisciplina, 2017:</subfield>
    <subfield code="b">t.p. (Petar Vučković) p. 198 (Dr. Petar Vučković, b. in Belgrade, 1937; Linguist working at the Institut za strane jezike)</subfield>
  </datafield>
  <datafield tag="953" ind1=" " ind2=" ">
    <subfield code="a">bz07</subfield>
  </datafield>
</record>