
<record>
  <leader>02700cz  a2200289n  4500</leader>
  <controlfield tag="001">2084519</controlfield>
  <controlfield tag="003">DLC</controlfield>
  <controlfield tag="005">20200102073108.0</controlfield>
  <controlfield tag="008">890316n| azannaabn          |a aaa      </controlfield>
  <datafield tag="010" ind1=" " ind2=" ">
    <subfield code="a">n  88284831 </subfield>
  </datafield>
  <datafield tag="035" ind1=" " ind2=" ">
    <subfield code="a">(OCoLC)oca02481091</subfield>
  </datafield>
  <datafield tag="040" ind1=" " ind2=" ">
    <subfield code="a">DLC</subfield>
    <subfield code="b">eng</subfield>
    <subfield code="e">rda</subfield>
    <subfield code="c">DLC</subfield>
    <subfield code="d">MnMHCL</subfield>
  </datafield>
  <datafield tag="046" ind1=" " ind2=" ">
    <subfield code="f">1904-04-26</subfield>
    <subfield code="g">1980-03-04</subfield>
    <subfield code="2">edtf</subfield>
  </datafield>
  <datafield tag="100" ind1="1" ind2=" ">
    <subfield code="a">Young, D. H.</subfield>
    <subfield code="q">(Donovan Harold),</subfield>
    <subfield code="d">1904-1980.</subfield>
  </datafield>
  <datafield tag="370" ind1=" " ind2=" ">
    <subfield code="a">Kooskia (Idaho)</subfield>
    <subfield code="b">Palo Alto (Calif.)</subfield>
    <subfield code="c">United States</subfield>
    <subfield code="e">Wenatchee (Wash.)</subfield>
    <subfield code="e">Palo Alto (Calif.)</subfield>
    <subfield code="2">naf</subfield>
  </datafield>
  <datafield tag="372" ind1=" " ind2=" ">
    <subfield code="a">Civil engineering</subfield>
    <subfield code="a">2 lcsh</subfield>
  </datafield>
  <datafield tag="373" ind1=" " ind2=" ">
    <subfield code="a">Stanford University</subfield>
    <subfield code="2">naf</subfield>
  </datafield>
  <datafield tag="374" ind1=" " ind2=" ">
    <subfield code="a">College teachers</subfield>
    <subfield code="a">Authors</subfield>
    <subfield code="a">Civil engineers</subfield>
    <subfield code="2">lcsh</subfield>
  </datafield>
  <datafield tag="375" ind1=" " ind2=" ">
    <subfield code="a">Males</subfield>
    <subfield code="2">lcdgt</subfield>
  </datafield>
  <datafield tag="377" ind1=" " ind2=" ">
    <subfield code="a">eng</subfield>
  </datafield>
  <datafield tag="400" ind1="1" ind2=" ">
    <subfield code="w">nne</subfield>
    <subfield code="a">Young, D. H.</subfield>
    <subfield code="q">(Donovan Harold),</subfield>
    <subfield code="d">1904-</subfield>
  </datafield>
  <datafield tag="400" ind1="1" ind2=" ">
    <subfield code="w">nna</subfield>
    <subfield code="a">Young, Donovan Harold,</subfield>
    <subfield code="d">1904-</subfield>
  </datafield>
  <datafield tag="670" ind1=" " ind2=" ">
    <subfield code="a">Weaver, W. Vibrations problems in eng., c1989:</subfield>
    <subfield code="b">CIP t.p. (D.H. Young; prof. emeritus of civil engineering, Stanford Univ.)</subfield>
  </datafield>
  <datafield tag="670" ind1=" " ind2=" ">
    <subfield code="a">LC data base, 1/15/89</subfield>
    <subfield code="b">(hdg.: Young, Donovan Harold, 1904- ; usage: D.H. Young)</subfield>
  </datafield>
  <datafield tag="670" ind1=" " ind2=" ">
    <subfield code="a">Timoshenko, Stephen. Engineering mechanics, 1956:</subfield>
    <subfield code="b">title page (D.H. Young)</subfield>
  </datafield>
  <datafield tag="670" ind1=" " ind2=" ">
    <subfield code="a">Structural Engineering Forum of India [SEFI] (Website), viewed December 29, 2019:</subfield>
    <subfield code="b">Gems of Structural Engg - D. H. Young - (Post-14) (Donovan Harold Young, (1904 - 1980), member of the Stanford University faculty since 1937 and the holder of the Silas H. Palmer Professorship in Civil Engineering, died on March 4,1980 at his home in Palo Alto. Professor Young was known worldwide as an author and teacher in the fields of applied mechanics and structural engineering. He wrote with the late Professor Stephen P. Timoshenko five textbooks that have been used extensively by engineering students for over forty years ... He was a faculty member in both the Department of Civil Engineering and the Department of Applied Mechanics (now the Division of Applied Mechanics) ...  He was born in Kooskia, Idaho on April 26,1904 and was raised on a fruit ranch in Wenatchee, Washington ... He graduated from Wenatchee High School in 1923 and then studied civil engineering for four years at the State College of Washington in Pullman ... Dr. Young came to Stanford as an Assistant Professor of Civil Engineering in 1937, became an Associate Professor in 1938, and became a full Professor in 1945 ... the textbooks he coauthored with Timoshenko. Their collaboration began with the publication in 1937 of the first edition of Engineering Mechanics - Statics and Dynamics ... Timoshenko and Young&apos;s next book was Theory of Structures (1945) followed by Advanced Dynamics in 1948 ...)</subfield>
    <subfield code="u">https://www.sefindia.org/forum/viewtopic.php?t=7402&amp;sid=26de333ccdca78d03168cf8a6aed1adb</subfield>
  </datafield>
  <datafield tag="953" ind1=" " ind2=" ">
    <subfield code="a">br14</subfield>
  </datafield>
</record>