
<record>
  <leader>00485cz  a2200157n  4500</leader>
  <controlfield tag="001">2200652</controlfield>
  <controlfield tag="003">DLC</controlfield>
  <controlfield tag="005">20200102133555.0</controlfield>
  <controlfield tag="008">940607n| azannaab           |n aaa      </controlfield>
  <datafield tag="010" ind1=" " ind2=" ">
    <subfield code="a">n  94054261 </subfield>
  </datafield>
  <datafield tag="035" ind1=" " ind2=" ">
    <subfield code="a">(DLC)n  94054261</subfield>
  </datafield>
  <datafield tag="040" ind1=" " ind2=" ">
    <subfield code="a">DLC</subfield>
    <subfield code="b">eng</subfield>
    <subfield code="e">rda</subfield>
    <subfield code="c">DLC</subfield>
    <subfield code="d">DLC</subfield>
  </datafield>
  <datafield tag="100" ind1="1" ind2=" ">
    <subfield code="a">Tešić, Momčilo,</subfield>
    <subfield code="d">1911-</subfield>
  </datafield>
  <datafield tag="670" ind1=" " ind2=" ">
    <subfield code="a">Momčilo Tešić, 1991:</subfield>
    <subfield code="b">t.p. (Momčilo Tešić)</subfield>
  </datafield>
  <datafield tag="670" ind1=" " ind2=" ">
    <subfield code="a">LC data base, 6/7/94</subfield>
    <subfield code="b">(hdg.: Tešić, Momčilo, 1911-; usage: Momčilo Tešić)</subfield>
  </datafield>
  <datafield tag="953" ind1=" " ind2=" ">
    <subfield code="a">le10</subfield>
  </datafield>
</record>