
<record>
  <leader>02419cz  a2200361n  4500</leader>
  <controlfield tag="001">2332528</controlfield>
  <controlfield tag="003">DLC</controlfield>
  <controlfield tag="005">20200102143625.0</controlfield>
  <controlfield tag="008">800516n| azannaabn          |b aaa      </controlfield>
  <datafield tag="010" ind1=" " ind2=" ">
    <subfield code="a">n  50024217 </subfield>
  </datafield>
  <datafield tag="035" ind1=" " ind2=" ">
    <subfield code="a">(OCoLC)oca00059626</subfield>
  </datafield>
  <datafield tag="040" ind1=" " ind2=" ">
    <subfield code="a">DLC</subfield>
    <subfield code="b">eng</subfield>
    <subfield code="e">rda</subfield>
    <subfield code="c">DLC</subfield>
    <subfield code="d">DLC</subfield>
    <subfield code="d">DNLM</subfield>
    <subfield code="d">OU</subfield>
    <subfield code="d">DLC</subfield>
  </datafield>
  <datafield tag="046" ind1=" " ind2=" ">
    <subfield code="f">1898-05-19</subfield>
    <subfield code="g">1974-03-18</subfield>
    <subfield code="2">edtf</subfield>
  </datafield>
  <datafield tag="100" ind1="1" ind2=" ">
    <subfield code="a">Guttmacher, Alan F.</subfield>
    <subfield code="q">(Alan Frank),</subfield>
    <subfield code="d">1898-1974</subfield>
  </datafield>
  <datafield tag="370" ind1=" " ind2=" ">
    <subfield code="a">Baltimore (Md.)</subfield>
    <subfield code="b">New York (N.Y.)</subfield>
    <subfield code="2">naf</subfield>
  </datafield>
  <datafield tag="372" ind1=" " ind2=" ">
    <subfield code="a">Eugenics</subfield>
    <subfield code="2">lcsh</subfield>
  </datafield>
  <datafield tag="374" ind1=" " ind2=" ">
    <subfield code="a">Obstetricians</subfield>
    <subfield code="a">Gynecologists</subfield>
    <subfield code="a">Authors</subfield>
    <subfield code="2">lcsh</subfield>
  </datafield>
  <datafield tag="375" ind1=" " ind2=" ">
    <subfield code="a">Males</subfield>
    <subfield code="2">lcdgt</subfield>
  </datafield>
  <datafield tag="378" ind1=" " ind2=" ">
    <subfield code="q">Alan Frank</subfield>
  </datafield>
  <datafield tag="400" ind1="1" ind2=" ">
    <subfield code="a">Gu, Maiji,</subfield>
    <subfield code="d">1898-1974</subfield>
  </datafield>
  <datafield tag="400" ind1="1" ind2=" ">
    <subfield code="a">Guttmacher, Alan Frank,</subfield>
    <subfield code="d">1898-1974</subfield>
  </datafield>
  <datafield tag="400" ind1="1" ind2=" ">
    <subfield code="a">顧邁冀,</subfield>
    <subfield code="d">1898-1974</subfield>
  </datafield>
  <datafield tag="400" ind1="1" ind2=" ">
    <subfield code="a">Gūtmākhir, Alin If.,</subfield>
    <subfield code="d">1898-1974</subfield>
  </datafield>
  <datafield tag="400" ind1="1" ind2=" ">
    <subfield code="a">گوتماخر، الن اف.</subfield>
  </datafield>
  <datafield tag="667" ind1=" " ind2=" ">
    <subfield code="a">Non-Latin script reference not evaluated.</subfield>
  </datafield>
  <datafield tag="670" ind1=" " ind2=" ">
    <subfield code="a">His Life in the making ... 1933.</subfield>
  </datafield>
  <datafield tag="670" ind1=" " ind2=" ">
    <subfield code="a">ProQuest historical newspapers WWW site, May 28, 2009:</subfield>
    <subfield code="b">New York times, Mar. 19, 1974 (Dr. Alan F. Guttmacher; b. Alan Frank Guttmacher, May 19, 1898, Baltimore; d. yesterday [Mar. 18, 1974], Mount Sinai Hospital, aged 75; pioneer and international leader in family planning)</subfield>
  </datafield>
  <datafield tag="670" ind1=" " ind2=" ">
    <subfield code="a">LC database, May 28, 2009</subfield>
    <subfield code="b">(hdg.: Guttmacher, Alan Frank, 1898- ; usage: Alan F. Guttmacher [predominant form], Alan Frank Guttmacher)</subfield>
  </datafield>
  <datafield tag="670" ind1=" " ind2=" ">
    <subfield code="a">Jie zhi sheng yu chuan shu, 1970</subfield>
    <subfield code="b">pref. (顧邁冀 = Gu Maiji; Dr. Alan F. Guttmacher)</subfield>
  </datafield>
  <datafield tag="670" ind1=" " ind2=" ">
    <subfield code="a">Wikidata via Wikipedia, September 10, 2019</subfield>
    <subfield code="b">(VIAF identifier: 74024454; ISNI (P213): 0000000109160666; instance of: human; sex or gender: male; date of birth: +1898-00-00T00:00:00Z; date of death: +1974-00-00T00:00:00Z; given name: Alan; FAST-ID: 1729671; LCAuth identifier: n50024217; SNAC Ark ID (P3430): w6hh7634; Biblioteca Nacional de M\u00e9xico ID (P4440): 89098; SHARE Catalogue author ID (P3987): 203097; occupation: physician; Open Library identifier: OL6277082A; American National Biography ID (P4823): 1201945; CONOR identifier: 49604963; SUDOC authorities: 115594094; BnF identifier: 13602512g; sibling (P3373): Manfred Guttmacher; NKC identifier: nlk20030132142; description/label: Alan Frank Guttmacher, American eugenicist)</subfield>
    <subfield code="u">http://www.wikidata.org/entity/Q4706648</subfield>
  </datafield>
  <datafield tag="670" ind1=" " ind2=" ">
    <subfield code="a">Pidarān va mādarān va farzandān, 1973:</subfield>
    <subfield code="b">t.p. (الن اف. گوتماخر = Alin If. Gūtmākhir)</subfield>
  </datafield>
  <datafield tag="952" ind1=" " ind2=" ">
    <subfield code="a">RETRO</subfield>
  </datafield>
  <datafield tag="953" ind1=" " ind2=" ">
    <subfield code="a">xx00</subfield>
    <subfield code="b">cm03</subfield>
  </datafield>
</record>