
<record>
  <leader>00803cz  a2200217n  4500</leader>
  <controlfield tag="001">2367235</controlfield>
  <controlfield tag="003">DLC</controlfield>
  <controlfield tag="005">20200102073504.0</controlfield>
  <controlfield tag="008">800404n| azannaabn          |n aaa      </controlfield>
  <datafield tag="010" ind1=" " ind2=" ">
    <subfield code="a">n  80032087 </subfield>
  </datafield>
  <datafield tag="035" ind1=" " ind2=" ">
    <subfield code="a">(OCoLC)oca00414292</subfield>
  </datafield>
  <datafield tag="040" ind1=" " ind2=" ">
    <subfield code="a">DLC</subfield>
    <subfield code="b">eng</subfield>
    <subfield code="e">rda</subfield>
    <subfield code="c">DLC</subfield>
    <subfield code="d">DLC</subfield>
    <subfield code="d">DNLM</subfield>
    <subfield code="d">DLC</subfield>
  </datafield>
  <datafield tag="046" ind1=" " ind2=" ">
    <subfield code="f">1946-03-04</subfield>
    <subfield code="2">edtf</subfield>
  </datafield>
  <datafield tag="100" ind1="1" ind2=" ">
    <subfield code="a">Thompson, Mark S.</subfield>
    <subfield code="q">(Mark Smith),</subfield>
    <subfield code="d">1946-</subfield>
  </datafield>
  <datafield tag="377" ind1=" " ind2=" ">
    <subfield code="a">eng</subfield>
  </datafield>
  <datafield tag="378" ind1=" " ind2=" ">
    <subfield code="q">Mark Smith</subfield>
  </datafield>
  <datafield tag="670" ind1=" " ind2=" ">
    <subfield code="a">Systems aspects of health planning, 1975 :</subfield>
    <subfield code="b">t.p. (Mark Thompson)</subfield>
  </datafield>
  <datafield tag="670" ind1=" " ind2=" ">
    <subfield code="a">His Decision analysis for program evaluation, 1982.</subfield>
    <subfield code="b">CIP t.p. (Mark S. Thompson, Ph.D., Harvard Sch. of Pub. Health)</subfield>
  </datafield>
  <datafield tag="670" ind1=" " ind2=" ">
    <subfield code="a">Phone call to author, 10-8-86</subfield>
    <subfield code="b">(Mark Smith Thompson; b. 3-4-46; has not written on industrial relations or computer programming)</subfield>
  </datafield>
  <datafield tag="952" ind1=" " ind2=" ">
    <subfield code="a">RETRO</subfield>
  </datafield>
  <datafield tag="953" ind1=" " ind2=" ">
    <subfield code="a">xx00</subfield>
    <subfield code="b">be85</subfield>
  </datafield>
</record>