
<record>
  <leader>00506cz  a2200169n  4500</leader>
  <controlfield tag="001">2371254</controlfield>
  <controlfield tag="003">DLC</controlfield>
  <controlfield tag="005">20200102094327.0</controlfield>
  <controlfield tag="008">800804n| acannaabn          |n aaa      </controlfield>
  <datafield tag="010" ind1=" " ind2=" ">
    <subfield code="a">n  80073937 </subfield>
  </datafield>
  <datafield tag="035" ind1=" " ind2=" ">
    <subfield code="a">(OCoLC)oca00455366</subfield>
  </datafield>
  <datafield tag="040" ind1=" " ind2=" ">
    <subfield code="a">DLC</subfield>
    <subfield code="b">eng</subfield>
    <subfield code="c">DLC</subfield>
    <subfield code="d">DLC</subfield>
    <subfield code="d">OCoLC</subfield>
  </datafield>
  <datafield tag="053" ind1=" " ind2="0">
    <subfield code="a">PH3351.U48</subfield>
  </datafield>
  <datafield tag="100" ind1="1" ind2=" ">
    <subfield code="a">Ungváry, Rudolf</subfield>
  </datafield>
  <datafield tag="670" ind1=" " ind2=" ">
    <subfield code="a">His Tezaurusz-technológia, 1979:</subfield>
    <subfield code="b">t.p. (Ungváry Rudolf)</subfield>
  </datafield>
  <datafield tag="670" ind1=" " ind2=" ">
    <subfield code="a">Balatoni nyaraló, 2019:</subfield>
    <subfield code="b">t.p. (Ungváry Rudolf) jkt. (b. 1936, Budapest)</subfield>
  </datafield>
  <datafield tag="953" ind1=" " ind2=" ">
    <subfield code="a">ec08</subfield>
    <subfield code="b">fc15</subfield>
  </datafield>
</record>