
<record>
  <leader>01698cz  a2200289n  4500</leader>
  <controlfield tag="001">2540333</controlfield>
  <controlfield tag="003">DLC</controlfield>
  <controlfield tag="005">20200102125637.0</controlfield>
  <controlfield tag="008">880915n| azannaabn          |a aaa     c</controlfield>
  <datafield tag="010" ind1=" " ind2=" ">
    <subfield code="a">n  88139737 </subfield>
  </datafield>
  <datafield tag="035" ind1=" " ind2=" ">
    <subfield code="a">(OCoLC)oca02360936</subfield>
  </datafield>
  <datafield tag="040" ind1=" " ind2=" ">
    <subfield code="a">CSt</subfield>
    <subfield code="b">eng</subfield>
    <subfield code="e">rda</subfield>
    <subfield code="c">DLC</subfield>
    <subfield code="d">DLC</subfield>
    <subfield code="d">UkOxU</subfield>
    <subfield code="d">DLC</subfield>
  </datafield>
  <datafield tag="046" ind1=" " ind2=" ">
    <subfield code="s">17</subfield>
  </datafield>
  <datafield tag="100" ind1="1" ind2=" ">
    <subfield code="a">Smith, James</subfield>
    <subfield code="c">(Judge advocate)</subfield>
  </datafield>
  <datafield tag="370" ind1=" " ind2=" ">
    <subfield code="c">United States</subfield>
    <subfield code="f">South Carolina</subfield>
    <subfield code="2">naf</subfield>
  </datafield>
  <datafield tag="372" ind1=" " ind2=" ">
    <subfield code="a">Law</subfield>
    <subfield code="2">lcsh</subfield>
  </datafield>
  <datafield tag="374" ind1=" " ind2=" ">
    <subfield code="a">Judge advocates</subfield>
    <subfield code="2">lcsh</subfield>
  </datafield>
  <datafield tag="375" ind1=" " ind2=" ">
    <subfield code="a">Males</subfield>
    <subfield code="2">lcsh</subfield>
  </datafield>
  <datafield tag="377" ind1=" " ind2=" ">
    <subfield code="a">eng</subfield>
  </datafield>
  <datafield tag="500" ind1="0" ind2=" ">
    <subfield code="a">Gentleman of America</subfield>
  </datafield>
  <datafield tag="667" ind1=" " ind2=" ">
    <subfield code="a">Although this pamphlet was attributed to Richard Berresford and later to Dr. James Smith, the introduction to the 1928 reprint edition cast doubt on either of these ascriptions. However, a definitive identification of Smith as the author is provided in John Carter Brown Library Report, 1935-1936, pages 13-15.</subfield>
  </datafield>
  <datafield tag="670" ind1=" " ind2=" ">
    <subfield code="a">Gentleman of America. Some considerations on the consequences of the French settling colonies on the Mississippi [MI] 1720</subfield>
    <subfield code="b">(name not given)</subfield>
  </datafield>
  <datafield tag="670" ind1=" " ind2=" ">
    <subfield code="a">NUC pre-56</subfield>
    <subfield code="b">(hdg.: Smith, James, judge advocate)</subfield>
  </datafield>
  <datafield tag="670" ind1=" " ind2=" ">
    <subfield code="a">ESTC in RLIN, 8/16/88</subfield>
    <subfield code="b">(under Gentleman of America. Some considerations on the consequences of the French settling colonies on the Mississippi: sometimes attributed to James Smith, judge advocate)</subfield>
  </datafield>
  <datafield tag="670" ind1=" " ind2=" ">
    <subfield code="a">Report to the Corporation of Brown University, 1936:</subfield>
    <subfield code="b">page 14 (James Smith, L.L.D. and Advocate-General of Carolina; John Ker acknowledged his debt to Smith for the Louisiana section of his Memoirs; this section is a complete transcript of the tract Some considerations)</subfield>
  </datafield>
  <datafield tag="675" ind1=" " ind2=" ">
    <subfield code="a">DNB;</subfield>
    <subfield code="a">Cushing, W. Init. and pseud.;</subfield>
    <subfield code="a">Halkett &amp; Laing;</subfield>
    <subfield code="a">Stonehill, C. Anon. and pseud.</subfield>
  </datafield>
  <datafield tag="953" ind1=" " ind2=" ">
    <subfield code="a">bz03</subfield>
  </datafield>
</record>