
<record>
  <leader>02453cz  a2200421n  4500</leader>
  <controlfield tag="001">2940281</controlfield>
  <controlfield tag="003">DLC</controlfield>
  <controlfield tag="005">20200102211337.0</controlfield>
  <controlfield tag="008">850821n| azannaabn          |b aaa      </controlfield>
  <datafield tag="010" ind1=" " ind2=" ">
    <subfield code="a">n  85238466 </subfield>
    <subfield code="z">nb2016000456</subfield>
  </datafield>
  <datafield tag="035" ind1=" " ind2=" ">
    <subfield code="a">(OCoLC)oca01483017</subfield>
  </datafield>
  <datafield tag="040" ind1=" " ind2=" ">
    <subfield code="a">DLC</subfield>
    <subfield code="b">eng</subfield>
    <subfield code="e">rda</subfield>
    <subfield code="c">DLC</subfield>
    <subfield code="d">OCoLC</subfield>
    <subfield code="d">InU</subfield>
    <subfield code="d">DLC</subfield>
    <subfield code="d">NNFr</subfield>
    <subfield code="d">DLC</subfield>
  </datafield>
  <datafield tag="046" ind1=" " ind2=" ">
    <subfield code="f">1844-11-13</subfield>
    <subfield code="g">1925-02-17</subfield>
    <subfield code="v">Wikipedia</subfield>
  </datafield>
  <datafield tag="100" ind1="1" ind2=" ">
    <subfield code="a">Kondakov, N. P.</subfield>
    <subfield code="q">(Nikodim Pavlovich),</subfield>
    <subfield code="d">1844-1925</subfield>
  </datafield>
  <datafield tag="370" ind1=" " ind2=" ">
    <subfield code="b">Prague (Czech Republic)</subfield>
    <subfield code="c">Russia</subfield>
    <subfield code="c">Ukraine</subfield>
    <subfield code="c">Czech Republic</subfield>
    <subfield code="2">naf</subfield>
  </datafield>
  <datafield tag="370" ind1=" " ind2=" ">
    <subfield code="e">Odesa (Ukraine)</subfield>
    <subfield code="2">naf</subfield>
    <subfield code="s">1870</subfield>
    <subfield code="t">1888</subfield>
  </datafield>
  <datafield tag="370" ind1=" " ind2=" ">
    <subfield code="e">Saint Petersburg (Russia)</subfield>
    <subfield code="2">naf</subfield>
    <subfield code="s">1888</subfield>
    <subfield code="t">1917</subfield>
  </datafield>
  <datafield tag="372" ind1=" " ind2=" ">
    <subfield code="a">Art--History</subfield>
    <subfield code="a">Art, Byzantine</subfield>
    <subfield code="a">Art, Russian</subfield>
    <subfield code="2">lcsh</subfield>
  </datafield>
  <datafield tag="373" ind1=" " ind2=" ">
    <subfield code="a">Imperatorsʹskyĭ Novorosiĭsʹyĭ universitet</subfield>
  </datafield>
  <datafield tag="373" ind1=" " ind2=" ">
    <subfield code="a">Imperatorskīĭ moskovskīĭ universitet</subfield>
    <subfield code="a">Imperatorskīĭ sanktpeterburgskīĭ universitet</subfield>
    <subfield code="2">naf</subfield>
  </datafield>
  <datafield tag="374" ind1=" " ind2=" ">
    <subfield code="a">Art historians</subfield>
    <subfield code="2">lcdgt</subfield>
  </datafield>
  <datafield tag="375" ind1=" " ind2=" ">
    <subfield code="a">Males</subfield>
    <subfield code="2">lcdgt</subfield>
  </datafield>
  <datafield tag="377" ind1=" " ind2=" ">
    <subfield code="a">rus</subfield>
  </datafield>
  <datafield tag="378" ind1=" " ind2=" ">
    <subfield code="q">Nikodim Pavlovich</subfield>
  </datafield>
  <datafield tag="400" ind1="1" ind2=" ">
    <subfield code="a">Kondakof, N.,</subfield>
    <subfield code="d">1844-1925</subfield>
  </datafield>
  <datafield tag="400" ind1="1" ind2=" ">
    <subfield code="a">Kondakoff, N.,</subfield>
    <subfield code="d">1844-1925</subfield>
  </datafield>
  <datafield tag="400" ind1="1" ind2=" ">
    <subfield code="w">nna</subfield>
    <subfield code="a">Kondakov, Nikodim Pavlovich,</subfield>
    <subfield code="d">1844-1925</subfield>
  </datafield>
  <datafield tag="400" ind1="1" ind2=" ">
    <subfield code="a">Кондаков, Н. П.</subfield>
    <subfield code="q">(Никодим Павлович),</subfield>
    <subfield code="d">1844-1925</subfield>
  </datafield>
  <datafield tag="400" ind1="1" ind2=" ">
    <subfield code="a">Кондаков, Никодим Павлович,</subfield>
    <subfield code="d">1844-1925</subfield>
  </datafield>
  <datafield tag="400" ind1="1" ind2=" ">
    <subfield code="w">nne</subfield>
    <subfield code="a">Kondakov, Nykodym Pavlovych,</subfield>
    <subfield code="d">1844-1925</subfield>
  </datafield>
  <datafield tag="667" ind1=" " ind2=" ">
    <subfield code="a">Machine-derived non-Latin script reference project.</subfield>
  </datafield>
  <datafield tag="667" ind1=" " ind2=" ">
    <subfield code="a">Non-Latin script reference not evaluated.</subfield>
  </datafield>
  <datafield tag="670" ind1=" " ind2=" ">
    <subfield code="a">Kyzlasova, I. L. Istorii︠a︡ izuchenii︠a︡ vizantiĭskogo i drevnerusskogo iskusstva v Rossii, 1985:</subfield>
    <subfield code="b">t.p. (N. P. Kondakov) verso t.p. (Nikodima Pavlovicha Kondakova, 1844-1925)</subfield>
  </datafield>
  <datafield tag="670" ind1=" " ind2=" ">
    <subfield code="a">LC manual cat.</subfield>
    <subfield code="b">(hdg.: Kondakov, Nikodim Pavlovich, 1844-1925; usage: N. P. Kondakov, N. Kondakov, N. Kondakoff, N. Kondakof)</subfield>
  </datafield>
  <datafield tag="670" ind1=" " ind2=" ">
    <subfield code="a">Wikipedia, Dec. 29, 2010</subfield>
    <subfield code="b">(Nikodim Pavlovich Kondakov; b. Nov. 1 (13), 1844; d. Feb. 17, 1925; Russian historian of Byzantine and Russian ancient art, archeologist)</subfield>
  </datafield>
  <datafield tag="670" ind1=" " ind2=" ">
    <subfield code="a">Sofii︠a︡ Kyïvsʹka, 2011- (volume 4):</subfield>
    <subfield code="b">t.p. (Kondakov Nykodym Pavlovych (1844-1925)) p.5 (Ukrainian scientist)</subfield>
  </datafield>
  <datafield tag="670" ind1=" " ind2=" ">
    <subfield code="a">Wikipedia, 30 April 2019</subfield>
    <subfield code="b">(heading: Nikodim Kondakov; Russian art historian; born in Khalan, Kursk Governate; died in Prague; studied at Moscow University; lecturer in Odessa, 1870-1888, at University of Novorossia; professor at St. Petersburg University, 1888-1917; exile in Czechoslovakia, 1920-1925)</subfield>
  </datafield>
  <datafield tag="953" ind1=" " ind2=" ">
    <subfield code="a">ee12</subfield>
  </datafield>
</record>