
<record>
  <leader>00649cz  a2200193n  4500</leader>
  <controlfield tag="001">3015820</controlfield>
  <controlfield tag="003">DLC</controlfield>
  <controlfield tag="005">20200102162139.0</controlfield>
  <controlfield tag="008">890421n| azannaabn          |b aaa      </controlfield>
  <datafield tag="010" ind1=" " ind2=" ">
    <subfield code="a">n  88288536 </subfield>
  </datafield>
  <datafield tag="035" ind1=" " ind2=" ">
    <subfield code="a">(OCoLC)oca02508313</subfield>
  </datafield>
  <datafield tag="040" ind1=" " ind2=" ">
    <subfield code="a">DLC</subfield>
    <subfield code="b">eng</subfield>
    <subfield code="e">rda</subfield>
    <subfield code="c">DLC</subfield>
    <subfield code="d">DLC</subfield>
    <subfield code="d">WU</subfield>
    <subfield code="d">DLC</subfield>
    <subfield code="d">CLU</subfield>
    <subfield code="d">DLC</subfield>
  </datafield>
  <datafield tag="100" ind1="1" ind2=" ">
    <subfield code="a">Blair, Susan</subfield>
  </datafield>
  <datafield tag="400" ind1="1" ind2=" ">
    <subfield code="a">Blėr, Si︠u︡zan K.</subfield>
  </datafield>
  <datafield tag="400" ind1="1" ind2=" ">
    <subfield code="a">Блэр, Сюзан К.</subfield>
  </datafield>
  <datafield tag="667" ind1=" " ind2=" ">
    <subfield code="a">Non-Latin script reference not evaluated.</subfield>
  </datafield>
  <datafield tag="670" ind1=" " ind2=" ">
    <subfield code="a">The slaughterhouse province, 1989:</subfield>
    <subfield code="b">CIP t.p. (Susan Blair)</subfield>
  </datafield>
  <datafield tag="670" ind1=" " ind2=" ">
    <subfield code="a">Provint︠s︡ii︠a︡ boĭni, 2000:</subfield>
    <subfield code="b">t.p. (Сюзан К. Блэр = Si︠u︡zan K. Blėr)</subfield>
  </datafield>
  <datafield tag="953" ind1=" " ind2=" ">
    <subfield code="a">bc27</subfield>
    <subfield code="b">td03</subfield>
  </datafield>
</record>