
<record>
  <leader>01985cz  a2200265n  4500</leader>
  <controlfield tag="001">3025714</controlfield>
  <controlfield tag="003">DLC</controlfield>
  <controlfield tag="005">20200102113720.0</controlfield>
  <controlfield tag="008">890221n| azannaabn          |a aaa     c</controlfield>
  <datafield tag="010" ind1=" " ind2=" ">
    <subfield code="a">no 89001966 </subfield>
    <subfield code="z">no 98107986 </subfield>
  </datafield>
  <datafield tag="035" ind1=" " ind2=" ">
    <subfield code="a">(OCoLC)oca02467447</subfield>
  </datafield>
  <datafield tag="040" ind1=" " ind2=" ">
    <subfield code="a">InU-Mu</subfield>
    <subfield code="b">eng</subfield>
    <subfield code="e">rda</subfield>
    <subfield code="c">InU-Mu</subfield>
    <subfield code="d">PPi-MA</subfield>
    <subfield code="d">IEN</subfield>
    <subfield code="d">MoSW-Mu</subfield>
    <subfield code="d">DLC</subfield>
  </datafield>
  <datafield tag="046" ind1=" " ind2=" ">
    <subfield code="f">1894-10-11</subfield>
    <subfield code="g">1943-05-12</subfield>
    <subfield code="2">edtf</subfield>
  </datafield>
  <datafield tag="100" ind1="1" ind2=" ">
    <subfield code="a">Stoessel, Albert,</subfield>
    <subfield code="d">1894-1943</subfield>
  </datafield>
  <datafield tag="370" ind1=" " ind2=" ">
    <subfield code="a">Saint Louis, Mo.</subfield>
    <subfield code="b">New York, N.Y.</subfield>
    <subfield code="c">U.S.</subfield>
  </datafield>
  <datafield tag="374" ind1=" " ind2=" ">
    <subfield code="a">Violinists</subfield>
    <subfield code="a">Conductors (Music)</subfield>
    <subfield code="a">Composers</subfield>
    <subfield code="a">College department heads</subfield>
    <subfield code="2">lcsh</subfield>
  </datafield>
  <datafield tag="400" ind1="1" ind2=" ">
    <subfield code="a">Stoessel, Ollie,</subfield>
    <subfield code="d">1894-1943</subfield>
  </datafield>
  <datafield tag="670" ind1=" " ind2=" ">
    <subfield code="a">Pergolesi, G. Maid as mistress, c1934:</subfield>
    <subfield code="b">t.p. (Albert Stoessel)</subfield>
  </datafield>
  <datafield tag="670" ind1=" " ind2=" ">
    <subfield code="a">New Grove</subfield>
    <subfield code="b">(Stoessel, Albert; b. 10-11-1894, St. Louis, Missouri, d. 5-12-43, New York)</subfield>
  </datafield>
  <datafield tag="670" ind1=" " ind2=" ">
    <subfield code="a">Grove music online, March 20, 2013</subfield>
    <subfield code="b">(Stoessel, Albert; born October 11, 1894, St. Louis; died May 12, 1943, New York; American violinist, conductor, and composer; succeeded Walter Damrosch as conductor of the Oratorio Society of New York in 1921, became director of music of the Chautauqua Institution in 1923, and succeeded Henry Hadley as conductor of the Worcester (Massachusetts) Music Festival in 1925, holding all three posts until his death; head of the music department of New York University, 1923-1930; director of opera and orchestra departments of the Juilliard Graduate School from 1927)</subfield>
  </datafield>
  <datafield tag="670" ind1=" " ind2=" ">
    <subfield code="a">Stoessel, O. St. Louis Centennial march and two step, c1909:</subfield>
    <subfield code="b">t.p. (Ollie Stoessel)</subfield>
  </datafield>
  <datafield tag="670" ind1=" " ind2=" ">
    <subfield code="a">1910 United States Federal Census in Ancestry.com Library Edition, Jan. 1, 2019</subfield>
    <subfield code="b">(Ollie F. Stoessel; 15 years old; resident of 4348 Ashland Avenue, St. Louis; student; industry: music)</subfield>
  </datafield>
  <datafield tag="670" ind1=" " ind2=" ">
    <subfield code="a">St. Louis post-dispatch, Sept. 26, 1909:</subfield>
    <subfield code="b">page 4B (Ollie Stoessel; 15-year-old boy violinist; composer of a St. Louis Centennial march and two-step; educated in St. Louis and intending to study in Berlin once he turns16; lives at 4348 Ashland Avenue)</subfield>
  </datafield>
  <datafield tag="953" ind1=" " ind2=" ">
    <subfield code="a">xx00</subfield>
  </datafield>
  <datafield tag="985" ind1=" " ind2=" ">
    <subfield code="c">OCLC</subfield>
    <subfield code="e">LSPC</subfield>
  </datafield>
</record>