
<record>
  <leader>00923cz  a2200217n  4500</leader>
  <controlfield tag="001">3099645</controlfield>
  <controlfield tag="003">DLC</controlfield>
  <controlfield tag="005">20200102073108.0</controlfield>
  <controlfield tag="008">930222n| azannaabn          |n aaa     c</controlfield>
  <datafield tag="010" ind1=" " ind2=" ">
    <subfield code="a">no 93005256 </subfield>
  </datafield>
  <datafield tag="035" ind1=" " ind2=" ">
    <subfield code="a">(OCoLC)oca03326960</subfield>
  </datafield>
  <datafield tag="040" ind1=" " ind2=" ">
    <subfield code="a">CoU</subfield>
    <subfield code="b">eng</subfield>
    <subfield code="c">CoU</subfield>
    <subfield code="e">rda</subfield>
    <subfield code="d">MdRoLAC</subfield>
  </datafield>
  <datafield tag="100" ind1="1" ind2=" ">
    <subfield code="a">Jacobsen, Chris J.</subfield>
  </datafield>
  <datafield tag="372" ind1=" " ind2=" ">
    <subfield code="a">Phjysics</subfield>
    <subfield code="a">Astronomy</subfield>
    <subfield code="2">lcsh</subfield>
  </datafield>
  <datafield tag="373" ind1=" " ind2=" ">
    <subfield code="a">Argonne National Laboratory</subfield>
    <subfield code="a">Northwestern University</subfield>
    <subfield code="a">Stony Brook University</subfield>
    <subfield code="2">naf</subfield>
  </datafield>
  <datafield tag="374" ind1=" " ind2=" ">
    <subfield code="a">College teachers</subfield>
    <subfield code="2">lcsh</subfield>
  </datafield>
  <datafield tag="375" ind1=" " ind2=" ">
    <subfield code="a">Males</subfield>
    <subfield code="2">lcdgt</subfield>
  </datafield>
  <datafield tag="670" ind1=" " ind2=" ">
    <subfield code="a">Soft X-ray microscopy, c1992:</subfield>
    <subfield code="b">t.p. (Chris J. Jacobsen) p. ix (SUNY/Stony Brook)</subfield>
  </datafield>
  <datafield tag="670" ind1=" " ind2=" ">
    <subfield code="a">Argonne National Laboratory profile, viewed 31 December 2019:</subfield>
    <subfield code="b">(Chris Jacobsen is an Argonne Distinguished Fellow at Argonne National Laboratory, and a Professor of Physics &amp; Astronomy at Northwestern University.  He...)</subfield>
    <subfield code="u">https://www.anl.gov/profile/chris-j-jacobsen</subfield>
  </datafield>
  <datafield tag="953" ind1=" " ind2=" ">
    <subfield code="a">xx00</subfield>
  </datafield>
  <datafield tag="985" ind1=" " ind2=" ">
    <subfield code="c">OCLC</subfield>
    <subfield code="e">LSPC</subfield>
  </datafield>
</record>