
<record>
  <leader>00765cz  a2200193n  4500</leader>
  <controlfield tag="001">3231931</controlfield>
  <controlfield tag="003">DLC</controlfield>
  <controlfield tag="005">20200102135430.0</controlfield>
  <controlfield tag="008">980205n| azannaabn          |a aaa     c</controlfield>
  <datafield tag="010" ind1=" " ind2=" ">
    <subfield code="a">no 98063106 </subfield>
  </datafield>
  <datafield tag="035" ind1=" " ind2=" ">
    <subfield code="a">(OCoLC)oca04652446</subfield>
  </datafield>
  <datafield tag="040" ind1=" " ind2=" ">
    <subfield code="a">PPi-MA</subfield>
    <subfield code="b">eng</subfield>
    <subfield code="e">rda</subfield>
    <subfield code="c">PPi-MA</subfield>
    <subfield code="d">DLC</subfield>
  </datafield>
  <datafield tag="100" ind1="1" ind2=" ">
    <subfield code="a">Stravinsky, Igor,</subfield>
    <subfield code="d">1882-1971.</subfield>
    <subfield code="t">Sermon, a narrative, and a prayer</subfield>
  </datafield>
  <datafield tag="400" ind1="1" ind2=" ">
    <subfield code="a">Stravinsky, Igor,</subfield>
    <subfield code="d">1882-1971.</subfield>
    <subfield code="t">Predigt, eine Erzählung und ein Gebet</subfield>
  </datafield>
  <datafield tag="400" ind1="1" ind2=" ">
    <subfield code="a">Stravinsky, Igor,</subfield>
    <subfield code="d">1882-1971.</subfield>
    <subfield code="t">Sermon, un récit et une prière</subfield>
  </datafield>
  <datafield tag="670" ind1=" " ind2=" ">
    <subfield code="a">Stravinsky, I. Sacred works [SR] p1991:</subfield>
    <subfield code="b">label (A sermon, a narrative, and a prayer)</subfield>
  </datafield>
  <datafield tag="670" ind1=" " ind2=" ">
    <subfield code="a">New Grove</subfield>
    <subfield code="b">(A sermon, a narrative, and a prayer; cantata, A, T, speaker, chorus, orch, 1960-61)</subfield>
  </datafield>
  <datafield tag="953" ind1=" " ind2=" ">
    <subfield code="a">xx00</subfield>
  </datafield>
  <datafield tag="985" ind1=" " ind2=" ">
    <subfield code="c">OCLC</subfield>
    <subfield code="e">LSPC</subfield>
  </datafield>
</record>