
<record>
  <leader>02855cz  a2200421n  4500</leader>
  <controlfield tag="001">3252714</controlfield>
  <controlfield tag="003">DLC</controlfield>
  <controlfield tag="005">20200102213949.0</controlfield>
  <controlfield tag="008">990414n| azannaabn          |a ana     c</controlfield>
  <datafield tag="010" ind1=" " ind2=" ">
    <subfield code="a">no 99026196 </subfield>
    <subfield code="z">n  88645489 </subfield>
    <subfield code="z">no 97027063 </subfield>
    <subfield code="z">n  84200237 </subfield>
  </datafield>
  <datafield tag="035" ind1=" " ind2=" ">
    <subfield code="a">(OCoLC)oca04965221</subfield>
  </datafield>
  <datafield tag="040" ind1=" " ind2=" ">
    <subfield code="a">ICU</subfield>
    <subfield code="b">eng</subfield>
    <subfield code="e">rda</subfield>
    <subfield code="c">ICU</subfield>
    <subfield code="d">DLC</subfield>
    <subfield code="d">Uk</subfield>
    <subfield code="d">DLC</subfield>
    <subfield code="d">WaU</subfield>
    <subfield code="d">DNGA</subfield>
    <subfield code="d">DLC</subfield>
  </datafield>
  <datafield tag="110" ind1="2" ind2=" ">
    <subfield code="a">Anězský klášter (Prague, Czech Republic)</subfield>
  </datafield>
  <datafield tag="368" ind1=" " ind2=" ">
    <subfield code="a">Art museums</subfield>
    <subfield code="a">Convents</subfield>
    <subfield code="2">lcsh</subfield>
  </datafield>
  <datafield tag="370" ind1=" " ind2=" ">
    <subfield code="c">Czech Republic</subfield>
    <subfield code="e">Prague (Czech Republic)</subfield>
    <subfield code="2">naf</subfield>
  </datafield>
  <datafield tag="371" ind1=" " ind2=" ">
    <subfield code="a">Mitosradných 17</subfield>
    <subfield code="b">Prague</subfield>
    <subfield code="e">1</subfield>
  </datafield>
  <datafield tag="377" ind1=" " ind2=" ">
    <subfield code="a">cze</subfield>
  </datafield>
  <datafield tag="410" ind1="2" ind2=" ">
    <subfield code="a">Convent of St. Agnes of Bohemia (Prague, Czech Republic)</subfield>
  </datafield>
  <datafield tag="410" ind1="2" ind2=" ">
    <subfield code="a">Klášter sv. Anežky České (Prague, Czech Republic)</subfield>
  </datafield>
  <datafield tag="410" ind1="2" ind2=" ">
    <subfield code="a">Convent of the Blessed Agnes (Prague, Czech Republic)</subfield>
  </datafield>
  <datafield tag="410" ind1="2" ind2=" ">
    <subfield code="a">Convent of the Blessed Anežka (Prague, Czech Republic)</subfield>
  </datafield>
  <datafield tag="410" ind1="2" ind2=" ">
    <subfield code="a">Kloster der Hl. Agnes von Böhmen (Prague, Czech Republic)</subfield>
  </datafield>
  <datafield tag="410" ind1="2" ind2=" ">
    <subfield code="a">Národní galerie v Praze.</subfield>
    <subfield code="b">Anězský klášter</subfield>
  </datafield>
  <datafield tag="410" ind1="2" ind2=" ">
    <subfield code="w">nne</subfield>
    <subfield code="a">Anežský klášter (Museum)</subfield>
  </datafield>
  <datafield tag="410" ind1="2" ind2=" ">
    <subfield code="a">Anežky klášter (Museum)</subfield>
  </datafield>
  <datafield tag="410" ind1="2" ind2=" ">
    <subfield code="a">Klášter blahoslavené Anežky (Museum)</subfield>
  </datafield>
  <datafield tag="510" ind1="2" ind2=" ">
    <subfield code="w">r</subfield>
    <subfield code="i">Hierarchical superior:</subfield>
    <subfield code="a">Národní galerie v Praze</subfield>
  </datafield>
  <datafield tag="670" ind1=" " ind2=" ">
    <subfield code="a">Czech 19th-century painting, 1998:</subfield>
    <subfield code="b">t.p. (Convent of St. Agnes of Bohemia)</subfield>
  </datafield>
  <datafield tag="670" ind1=" " ind2=" ">
    <subfield code="a">OCLC, 4-14-99</subfield>
    <subfield code="b">(hdg.: Anězský klášter (Praha, ČR) ; usage: Klášter sv. Anežky České)</subfield>
  </datafield>
  <datafield tag="670" ind1=" " ind2=" ">
    <subfield code="a">nuc88-77069: Národní galerie v Praze. Czech painting of the 19th century, 1980?</subfield>
    <subfield code="b">(hdg. on OClMA rept.: Convent of the Blessed Anežka; usage: Convent of the Blessed Agnes)</subfield>
  </datafield>
  <datafield tag="670" ind1=" " ind2=" ">
    <subfield code="a">Österreichische Zeichnung des 18. Jahrhunderts, 1996:</subfield>
    <subfield code="b">verso p. preceding t.p. (Kloster der Hl. Agnes von Böhmen, Prager Altstadt, u Milosrdných 17)</subfield>
  </datafield>
  <datafield tag="670" ind1=" " ind2=" ">
    <subfield code="a">Gerhard Richter, 2017:</subfield>
    <subfield code="b">verso t.p. ([exhibition venue]: National Gallery in Prague, the Convent of St. Agnes of Bohemia)</subfield>
  </datafield>
  <datafield tag="670" ind1=" " ind2=" ">
    <subfield code="a">National Gallery of Prague WWW site, Oct. 3, 2018:</subfield>
    <subfield code="b">English language page ([under buildings]: Convent of St. Agnes of Bohemia; one of the oldest and most important Gothic buildings in Prague; in 1970, declared a national cultural monument; address: Mitosradných 17, Prague 1) Czech language page ([under budovy]: Klášter sv. Anezky České)</subfield>
  </datafield>
  <datafield tag="670" ind1=" " ind2=" ">
    <subfield code="a">Wikipedia, Oct. 3, 2018</subfield>
    <subfield code="b">(Convent of St. Agnes in Prague; the monastery of Poor Clares of the Order of St. Clare and Franciscans was founded in 1231 by Agnes of Bohemia; the National Gallery became the owner in 1963; since 1978, the convent is a national cultural heritage landmark and a gallery)</subfield>
  </datafield>
  <datafield tag="670" ind1=" " ind2=" ">
    <subfield code="a">Kohl, L. Ludvík Kohl, 1746-1821, 1984:</subfield>
    <subfield code="b">t.p. (Anežský klášter)</subfield>
  </datafield>
  <datafield tag="670" ind1=" " ind2=" ">
    <subfield code="a">Pražský informátor, 1976:</subfield>
    <subfield code="b">p. 95 (under Kláštery: blahoslavené Anežky)</subfield>
  </datafield>
  <datafield tag="953" ind1=" " ind2=" ">
    <subfield code="a">xx00</subfield>
    <subfield code="b">vj04</subfield>
  </datafield>
  <datafield tag="985" ind1=" " ind2=" ">
    <subfield code="c">OCLC</subfield>
    <subfield code="e">LSPC</subfield>
  </datafield>
</record>