
<record>
  <leader>04038cz  a2200865n  4500</leader>
  <controlfield tag="001">3281746</controlfield>
  <controlfield tag="003">DLC</controlfield>
  <controlfield tag="005">20200102171921.0</controlfield>
  <controlfield tag="008">790126n| azannaabn          |b aaa      </controlfield>
  <datafield tag="010" ind1=" " ind2=" ">
    <subfield code="a">n  79008220 </subfield>
  </datafield>
  <datafield tag="035" ind1=" " ind2=" ">
    <subfield code="a">(OCoLC)oca00242337</subfield>
  </datafield>
  <datafield tag="040" ind1=" " ind2=" ">
    <subfield code="a">DLC</subfield>
    <subfield code="b">eng</subfield>
    <subfield code="e">rda</subfield>
    <subfield code="c">DLC</subfield>
    <subfield code="d">DLC</subfield>
    <subfield code="d">CoU</subfield>
    <subfield code="d">DLC</subfield>
    <subfield code="d">NN</subfield>
    <subfield code="d">DLC</subfield>
    <subfield code="d">SG-SiILA</subfield>
    <subfield code="d">AzTeS</subfield>
    <subfield code="d">OCoLC</subfield>
    <subfield code="d">DLC</subfield>
    <subfield code="d">Uk</subfield>
    <subfield code="d">InNd</subfield>
    <subfield code="d">ICU</subfield>
    <subfield code="d">DLC</subfield>
    <subfield code="d">UPB</subfield>
  </datafield>
  <datafield tag="046" ind1=" " ind2=" ">
    <subfield code="f">1712-06-28</subfield>
    <subfield code="g">1778-07-02</subfield>
    <subfield code="2">edtf</subfield>
  </datafield>
  <datafield tag="053" ind1=" " ind2="0">
    <subfield code="a">ML410.R86</subfield>
    <subfield code="c">Biography</subfield>
  </datafield>
  <datafield tag="053" ind1=" " ind2="0">
    <subfield code="a">PQ2030</subfield>
    <subfield code="b">PQ2049</subfield>
  </datafield>
  <datafield tag="100" ind1="1" ind2=" ">
    <subfield code="a"></subfield>
  </datafield>
  <datafield tag="370" ind1=" " ind2=" ">
    <subfield code="a">Geneva (Switzerland)</subfield>
    <subfield code="b">France</subfield>
    <subfield code="2">naf</subfield>
  </datafield>
  <datafield tag="374" ind1=" " ind2=" ">
    <subfield code="a">Authors</subfield>
    <subfield code="2">lcsh</subfield>
  </datafield>
  <datafield tag="374" ind1=" " ind2=" ">
    <subfield code="a">Composers</subfield>
    <subfield code="2">lcdgt</subfield>
  </datafield>
  <datafield tag="375" ind1=" " ind2=" ">
    <subfield code="a">Males</subfield>
    <subfield code="2">lcdgt</subfield>
  </datafield>
  <datafield tag="377" ind1=" " ind2=" ">
    <subfield code="a">fre</subfield>
  </datafield>
  <datafield tag="400" ind1="1" ind2=" ">
    <subfield code="a">Rouseau, Jan Jakub,</subfield>
    <subfield code="d">1712-1778</subfield>
  </datafield>
  <datafield tag="400" ind1="1" ind2=" ">
    <subfield code="a">Russo, Zhan Zhak,</subfield>
    <subfield code="d">1712-1778</subfield>
  </datafield>
  <datafield tag="400" ind1="1" ind2=" ">
    <subfield code="a">Rousseau, John James,</subfield>
    <subfield code="d">1712-1778</subfield>
  </datafield>
  <datafield tag="400" ind1="1" ind2=" ">
    <subfield code="a">Rūssū, Jān Jāk,</subfield>
    <subfield code="d">1712-1778</subfield>
  </datafield>
  <datafield tag="400" ind1="1" ind2=" ">
    <subfield code="a">Lu-so,</subfield>
    <subfield code="d">1712-1778</subfield>
  </datafield>
  <datafield tag="400" ind1="1" ind2=" ">
    <subfield code="a">Ru-xô, Giăng-Giá̆c,</subfield>
    <subfield code="d">1712-1778</subfield>
  </datafield>
  <datafield tag="400" ind1="1" ind2=" ">
    <subfield code="a">Rousseau, Jean Jaques,</subfield>
    <subfield code="d">1712-1778</subfield>
  </datafield>
  <datafield tag="400" ind1="1" ind2=" ">
    <subfield code="a">Rousseau, Jean Jeacques,</subfield>
    <subfield code="d">1712-1778</subfield>
  </datafield>
  <datafield tag="400" ind1="1" ind2=" ">
    <subfield code="a">Rousseau, J. J.</subfield>
    <subfield code="q">(Jean-Jacques),</subfield>
    <subfield code="d">1712-1778</subfield>
  </datafield>
  <datafield tag="400" ind1="1" ind2=" ">
    <subfield code="a">Rusō, Jan Jakku,</subfield>
    <subfield code="d">1712-1778</subfield>
  </datafield>
  <datafield tag="400" ind1="1" ind2=" ">
    <subfield code="a">Rousseau, Gian Giacomo,</subfield>
    <subfield code="d">1712-1778</subfield>
  </datafield>
  <datafield tag="400" ind1="1" ind2=" ">
    <subfield code="a">Ruso, Z&apos;an Z&apos;aḳ,</subfield>
    <subfield code="d">1712-1778</subfield>
  </datafield>
  <datafield tag="400" ind1="1" ind2=" ">
    <subfield code="a">Rūcō,</subfield>
    <subfield code="d">1712-1778</subfield>
  </datafield>
  <datafield tag="400" ind1="0" ind2=" ">
    <subfield code="a">Citoyen de Genève,</subfield>
    <subfield code="d">1712-1778</subfield>
  </datafield>
  <datafield tag="400" ind1="0" ind2=" ">
    <subfield code="a">Citizen of Geneva,</subfield>
    <subfield code="d">1712-1778</subfield>
  </datafield>
  <datafield tag="400" ind1="1" ind2=" ">
    <subfield code="a">Roussō,</subfield>
    <subfield code="d">1712-1778</subfield>
  </datafield>
  <datafield tag="400" ind1="1" ind2=" ">
    <subfield code="a">Rousseau,</subfield>
    <subfield code="d">1712-1778</subfield>
  </datafield>
  <datafield tag="400" ind1="1" ind2=" ">
    <subfield code="a">Rūssō,</subfield>
    <subfield code="d">1712-1778</subfield>
  </datafield>
  <datafield tag="400" ind1="1" ind2=" ">
    <subfield code="a">Rousseau, Johann Jacob,</subfield>
    <subfield code="d">1712-1778</subfield>
  </datafield>
  <datafield tag="400" ind1="1" ind2=" ">
    <subfield code="a">Руссо, Жан-Жак,</subfield>
    <subfield code="d">1712-1778</subfield>
  </datafield>
  <datafield tag="400" ind1="1" ind2=" ">
    <subfield code="a">רוסא, זשאן־זשאק</subfield>
  </datafield>
  <datafield tag="400" ind1="1" ind2=" ">
    <subfield code="a">רוסא, י׳ן י׳ק,</subfield>
    <subfield code="d">1712־1778</subfield>
  </datafield>
  <datafield tag="400" ind1="1" ind2=" ">
    <subfield code="a">רוסו, זאאן זאאק,</subfield>
    <subfield code="d">1712־1778</subfield>
  </datafield>
  <datafield tag="400" ind1="1" ind2=" ">
    <subfield code="a">רוסו, ז׳אן־ז׳אק,</subfield>
    <subfield code="d">1712־1778</subfield>
  </datafield>
  <datafield tag="400" ind1="1" ind2=" ">
    <subfield code="a">روسو، چان چاك</subfield>
  </datafield>
  <datafield tag="400" ind1="1" ind2=" ">
    <subfield code="a">روسو، ژان ژاك</subfield>
  </datafield>
  <datafield tag="400" ind1="1" ind2=" ">
    <subfield code="a">卢梭,</subfield>
    <subfield code="d">1712-1778</subfield>
  </datafield>
  <datafield tag="400" ind1="1" ind2=" ">
    <subfield code="a">Rousseau, Juan Jacobo,</subfield>
    <subfield code="d">1712-1778</subfield>
  </datafield>
  <datafield tag="400" ind1="1" ind2=" ">
    <subfield code="a">Rousseau, G. G.</subfield>
    <subfield code="q">(Gian Giacomo),</subfield>
    <subfield code="d">1712-1778</subfield>
  </datafield>
  <datafield tag="400" ind1="1" ind2=" ">
    <subfield code="a">Ruso, Jan Jak,</subfield>
    <subfield code="d">1712-1778.</subfield>
  </datafield>
  <datafield tag="667" ind1=" " ind2=" ">
    <subfield code="a">Machine-derived non-Latin script reference project.</subfield>
  </datafield>
  <datafield tag="667" ind1=" " ind2=" ">
    <subfield code="a">Non-Latin script references not evaluated.</subfield>
  </datafield>
  <datafield tag="667" ind1=" " ind2=" ">
    <subfield code="a">Old catalog heading: Rousseau, Jean Jacques, 1712-1778</subfield>
  </datafield>
  <datafield tag="670" ind1=" " ind2=" ">
    <subfield code="a">His Émile.</subfield>
  </datafield>
  <datafield tag="670" ind1=" " ind2=" ">
    <subfield code="a">Phùng, Văn Tửu. Giăng-Giá̆c Ru-xô, 1978:</subfield>
    <subfield code="b">t.p. (Giăng-Giá̆c Ru-xô)</subfield>
  </datafield>
  <datafield tag="670" ind1=" " ind2=" ">
    <subfield code="a">His Jean Jaques Rousseau, citoyen de Genève, a Christophe de Beaumont ... 1763:</subfield>
    <subfield code="b">t.p. (Jean Jaques Rousseau, citoyen de Genève)</subfield>
  </datafield>
  <datafield tag="670" ind1=" " ind2=" ">
    <subfield code="a">Vivaldi, A. Le printemps de Vivaldi, c1983:</subfield>
    <subfield code="b">t.p. (Jean Jeacques Rousseau) t.p. verso (J.J. Rousseau)</subfield>
  </datafield>
  <datafield tag="670" ind1=" " ind2=" ">
    <subfield code="a">Bib. nat.</subfield>
    <subfield code="b">(Rousseau, Jean-Jacques)</subfield>
  </datafield>
  <datafield tag="670" ind1=" " ind2=" ">
    <subfield code="a">Yoshioka, T. Jan-Jakku Rusō ron, 1988:</subfield>
    <subfield code="b">t.p. (Jan Jakku Rusō)</subfield>
  </datafield>
  <datafield tag="670" ind1=" " ind2=" ">
    <subfield code="a">Il pensiero di Gian Giacomo Rousseau, 1953.</subfield>
  </datafield>
  <datafield tag="670" ind1=" " ind2=" ">
    <subfield code="a">Z&apos;an Z&apos;aḳ Ruso, 1957.</subfield>
  </datafield>
  <datafield tag="670" ind1=" " ind2=" ">
    <subfield code="a">Cutantirat tantai Rūcō:</subfield>
    <subfield code="b">t.p. (Rūcō)</subfield>
  </datafield>
  <datafield tag="670" ind1=" " ind2=" ">
    <subfield code="a">The discourse which carried the praemium at the Academy of Dijon, in MDCCL, 1751:</subfield>
    <subfield code="b">t.p. (by a citizen of Geneva)</subfield>
  </datafield>
  <datafield tag="670" ind1=" " ind2=" ">
    <subfield code="a">Discours qui a remporté le prix a l&apos;Academie de Dijon, en l&apos;année 1750, 1751:</subfield>
    <subfield code="b">t.p. (par un citoyen de Genève)</subfield>
  </datafield>
  <datafield tag="670" ind1=" " ind2=" ">
    <subfield code="a">Agōgē kai politikē ston Roussō, 2002:</subfield>
    <subfield code="b">p. 9 (Jean-Jacques Rousseau)</subfield>
  </datafield>
  <datafield tag="670" ind1=" " ind2=" ">
    <subfield code="a">His Discours sur l&apos;économie politique, 2002:</subfield>
    <subfield code="b">t.p. (Rousseau)</subfield>
  </datafield>
  <datafield tag="670" ind1=" " ind2=" ">
    <subfield code="a">Camutāya oppantam, 2001:</subfield>
    <subfield code="b">t.p. (Rūssō)</subfield>
  </datafield>
  <datafield tag="670" ind1=" " ind2=" ">
    <subfield code="a">Julie, oder Die neue Héloïse, 1801:</subfield>
    <subfield code="b">t.p. (Johann Jacob Rousseau)</subfield>
  </datafield>
  <datafield tag="670" ind1=" " ind2=" ">
    <subfield code="a">Villalta Baldovinos, D. El estado en Hobbes, Locke, Rousseau y Hegel, 2006:</subfield>
    <subfield code="b">p. iii (Juan Jacobo Rousseau (1712-1778))</subfield>
  </datafield>
  <datafield tag="670" ind1=" " ind2=" ">
    <subfield code="a">Lettere dalla montagna, 1905?:</subfield>
    <subfield code="b">t.p. (Gian Giacomo Rousseau) cover (G.G. Rousseau)</subfield>
  </datafield>
  <datafield tag="670" ind1=" " ind2=" ">
    <subfield code="a">Jan Jak Ruso, 1886</subfield>
  </datafield>
  <datafield tag="670" ind1=" " ind2=" ">
    <subfield code="a">The Discourses and other early political writings, 2019:</subfield>
    <subfield code="b">title page (Rousseau) pages xxxiv-xxxvi (Jean-Jacques Rousseau; born June 28, 1712 in Geneva; died July 2, 1778 in France; writer and composer)</subfield>
  </datafield>
  <datafield tag="952" ind1=" " ind2=" ">
    <subfield code="a">RETRO</subfield>
  </datafield>
  <datafield tag="953" ind1=" " ind2=" ">
    <subfield code="a">xx00</subfield>
    <subfield code="b">bf11</subfield>
  </datafield>
</record>