
<record>
  <leader>00851cz  a2200229n  4500</leader>
  <controlfield tag="001">3285082</controlfield>
  <controlfield tag="003">DLC</controlfield>
  <controlfield tag="005">20200102140539.0</controlfield>
  <controlfield tag="008">790518n| azannaab           |b aaa      </controlfield>
  <datafield tag="010" ind1=" " ind2=" ">
    <subfield code="a">n  79043120 </subfield>
  </datafield>
  <datafield tag="035" ind1=" " ind2=" ">
    <subfield code="a">(DLC)n  79043120</subfield>
  </datafield>
  <datafield tag="040" ind1=" " ind2=" ">
    <subfield code="a">DLC</subfield>
    <subfield code="b">eng</subfield>
    <subfield code="e">rda</subfield>
    <subfield code="c">DLC</subfield>
    <subfield code="d">DLC</subfield>
  </datafield>
  <datafield tag="046" ind1=" " ind2=" ">
    <subfield code="f">1932</subfield>
  </datafield>
  <datafield tag="100" ind1="1" ind2=" ">
    <subfield code="a">Sciarra, John J.,</subfield>
    <subfield code="d">1932-</subfield>
  </datafield>
  <datafield tag="400" ind1="1" ind2=" ">
    <subfield code="a">Siyārā, Jān J.,</subfield>
    <subfield code="d">1932-</subfield>
  </datafield>
  <datafield tag="400" ind1="1" ind2=" ">
    <subfield code="a">سيارا، جان ج.</subfield>
  </datafield>
  <datafield tag="667" ind1=" " ind2=" ">
    <subfield code="a">Non-Latin script reference not evaluated.</subfield>
  </datafield>
  <datafield tag="670" ind1=" " ind2=" ">
    <subfield code="a">Demarest, R. J. Conception, birth, and contraception ... 1969.</subfield>
  </datafield>
  <datafield tag="670" ind1=" " ind2=" ">
    <subfield code="a">Information from 678 converted Dec. 17, 2014</subfield>
    <subfield code="b">(M.D., Ph.D.)</subfield>
  </datafield>
  <datafield tag="670" ind1=" " ind2=" ">
    <subfield code="a">Ābistanī, tavallud, jilawgīrī az ābistanī, [1973 or 1974] :</subfield>
    <subfield code="b">t.p. (دکتر جان ج. سيارا =  Duktur Jān J. Siyārā) t.p. verso (John J. Sciarra [in rom.])</subfield>
  </datafield>
  <datafield tag="952" ind1=" " ind2=" ">
    <subfield code="a">RETRO</subfield>
  </datafield>
  <datafield tag="953" ind1=" " ind2=" ">
    <subfield code="a">xx00</subfield>
    <subfield code="b">cm03</subfield>
  </datafield>
</record>