
<record>
  <leader>00716cz  a2200205n  4500</leader>
  <controlfield tag="001">3287274</controlfield>
  <controlfield tag="003">DLC</controlfield>
  <controlfield tag="005">20200102142531.0</controlfield>
  <controlfield tag="008">790810n| azannaabn           a aaa      </controlfield>
  <datafield tag="010" ind1=" " ind2=" ">
    <subfield code="a">n  79066000 </subfield>
  </datafield>
  <datafield tag="035" ind1=" " ind2=" ">
    <subfield code="a">(DLC)n  79066000</subfield>
  </datafield>
  <datafield tag="040" ind1=" " ind2=" ">
    <subfield code="a">DLC</subfield>
    <subfield code="b">eng</subfield>
    <subfield code="e">rda</subfield>
    <subfield code="c">DLC</subfield>
    <subfield code="d">DLC</subfield>
  </datafield>
  <datafield tag="046" ind1=" " ind2=" ">
    <subfield code="f">1933-11-27</subfield>
    <subfield code="2">edtf</subfield>
  </datafield>
  <datafield tag="100" ind1="1" ind2=" ">
    <subfield code="a">Dever, William G.</subfield>
  </datafield>
  <datafield tag="400" ind1="1" ind2=" ">
    <subfield code="a">Diṿer, Ṿilyam G.</subfield>
  </datafield>
  <datafield tag="670" ind1=" " ind2=" ">
    <subfield code="a">His Gezer I, 1970.</subfield>
  </datafield>
  <datafield tag="670" ind1=" " ind2=" ">
    <subfield code="a">His Gezer, tsomet derakhim be-Erets Yiśraʾel, 1998:</subfield>
    <subfield code="b">t.p. (Ṿilyam G. Diṿer) added t.p. (William G. Dever [in rom.])</subfield>
  </datafield>
  <datafield tag="670" ind1=" " ind2=" ">
    <subfield code="a">What did the biblical writers know, and when did they know it? 2001:</subfield>
    <subfield code="b">CIP t.p. (William G. Dever) datasheet (b. Nov. 27, 1933)</subfield>
  </datafield>
  <datafield tag="952" ind1=" " ind2=" ">
    <subfield code="a">RETRO</subfield>
  </datafield>
  <datafield tag="953" ind1=" " ind2=" ">
    <subfield code="a">xx00</subfield>
    <subfield code="b">ye91</subfield>
  </datafield>
</record>