
<record>
  <leader>00530cz  a2200157n  4500</leader>
  <controlfield tag="001">3288860</controlfield>
  <controlfield tag="003">DLC</controlfield>
  <controlfield tag="005">20200102143224.0</controlfield>
  <controlfield tag="008">790723n| azannaabn          |a aaa      </controlfield>
  <datafield tag="010" ind1=" " ind2=" ">
    <subfield code="a">n  79082630 </subfield>
  </datafield>
  <datafield tag="035" ind1=" " ind2=" ">
    <subfield code="a">(OCoLC)oca00315151</subfield>
  </datafield>
  <datafield tag="040" ind1=" " ind2=" ">
    <subfield code="a">DLC</subfield>
    <subfield code="b">eng</subfield>
    <subfield code="e">rda</subfield>
    <subfield code="c">DLC</subfield>
    <subfield code="d">DLC</subfield>
    <subfield code="d">OCoLC</subfield>
    <subfield code="d">DLC</subfield>
  </datafield>
  <datafield tag="100" ind1="1" ind2=" ">
    <subfield code="a">Leshchenko, A. K.</subfield>
    <subfield code="q">(Anastasii︠a︡ Kirillovna)</subfield>
  </datafield>
  <datafield tag="400" ind1="1" ind2=" ">
    <subfield code="w">nnea</subfield>
    <subfield code="a">Leshchenko, Anastasii︠a︡ Kirillovna</subfield>
  </datafield>
  <datafield tag="670" ind1=" " ind2=" ">
    <subfield code="a">Her Kulʹtura soi, 1978:</subfield>
    <subfield code="b">t.p. (A. K. Leshchenko) colophon (Anastasii︠a︡ Kirillovna Leshchenko)</subfield>
  </datafield>
  <datafield tag="953" ind1=" " ind2=" ">
    <subfield code="a">ee07</subfield>
    <subfield code="b">ee10</subfield>
  </datafield>
</record>