
<record>
  <leader>00867cz  a2200193n  4500</leader>
  <controlfield tag="001">3310506</controlfield>
  <controlfield tag="003">DLC</controlfield>
  <controlfield tag="005">20200102124423.0</controlfield>
  <controlfield tag="008">801204n| azannaaan          |b ana      </controlfield>
  <datafield tag="010" ind1=" " ind2=" ">
    <subfield code="a">n  80155840 </subfield>
  </datafield>
  <datafield tag="035" ind1=" " ind2=" ">
    <subfield code="a">(OCoLC)oca00535773</subfield>
  </datafield>
  <datafield tag="040" ind1=" " ind2=" ">
    <subfield code="a">DLC</subfield>
    <subfield code="b">eng</subfield>
    <subfield code="e">rda</subfield>
    <subfield code="c">DLC</subfield>
    <subfield code="d">CSt</subfield>
    <subfield code="d">DLC</subfield>
  </datafield>
  <datafield tag="110" ind1="2" ind2=" ">
    <subfield code="a">Forschungsgruppe Wahlen (Mannheim, Germany)</subfield>
  </datafield>
  <datafield tag="410" ind1="2" ind2=" ">
    <subfield code="w">nna</subfield>
    <subfield code="a">Forschungsgruppe Wahlen, Mannheim</subfield>
  </datafield>
  <datafield tag="410" ind1="2" ind2=" ">
    <subfield code="a">Institut für Wahlanalysen und Gesellschaftsbeobachtung (Mannheim, Germany)</subfield>
  </datafield>
  <datafield tag="667" ind1=" " ind2=" ">
    <subfield code="a">Cannot identify with Forschungsgruppe Mannheim</subfield>
  </datafield>
  <datafield tag="670" ind1=" " ind2=" ">
    <subfield code="a">Its The German election panel study, 1976, 1978 i.e. 1979:</subfield>
    <subfield code="b">t.p. (Forschungsgruppe Wahlen e.V., Mannheim)</subfield>
  </datafield>
  <datafield tag="670" ind1=" " ind2=" ">
    <subfield code="a">Wahl in Bayern (2003), 14. Okt. 2018:</subfield>
    <subfield code="b">t.p. (Forschungsgruppe Wahlen e.V.) p. 2 of cover (Forschungsgruppe Wahlen e.V., Institut für Wahlanalysen und Gesellschaftsbeobachtung)</subfield>
  </datafield>
  <datafield tag="953" ind1=" " ind2=" ">
    <subfield code="a">bt03</subfield>
    <subfield code="b">fd07</subfield>
  </datafield>
</record>