
<record>
  <leader>01037cz  a2200265n  4500</leader>
  <controlfield tag="001">3340752</controlfield>
  <controlfield tag="003">DLC</controlfield>
  <controlfield tag="005">20200102073108.0</controlfield>
  <controlfield tag="008">830119n| azannaabn          |b aaa      </controlfield>
  <datafield tag="010" ind1=" " ind2=" ">
    <subfield code="a">n  82146400 </subfield>
    <subfield code="z">n 2012002413</subfield>
  </datafield>
  <datafield tag="035" ind1=" " ind2=" ">
    <subfield code="a">(OCoLC)oca00842477</subfield>
  </datafield>
  <datafield tag="040" ind1=" " ind2=" ">
    <subfield code="a">DLC</subfield>
    <subfield code="b">eng</subfield>
    <subfield code="e">rda</subfield>
    <subfield code="c">DLC</subfield>
    <subfield code="d">OCoLC</subfield>
    <subfield code="d">DLC</subfield>
    <subfield code="d">NNC</subfield>
  </datafield>
  <datafield tag="046" ind1=" " ind2=" ">
    <subfield code="f">1941-09-28</subfield>
    <subfield code="g">2009-10-25</subfield>
    <subfield code="2">edtf</subfield>
  </datafield>
  <datafield tag="100" ind1="1" ind2=" ">
    <subfield code="a">Abe, Yoshiteru,</subfield>
    <subfield code="d">1941-2009</subfield>
  </datafield>
  <datafield tag="370" ind1=" " ind2=" ">
    <subfield code="f">Monou-gun (Miyagi-ken, Japan)</subfield>
    <subfield code="2">naf</subfield>
  </datafield>
  <datafield tag="374" ind1=" " ind2=" ">
    <subfield code="a">Go (Game) players</subfield>
    <subfield code="2">lcsh</subfield>
  </datafield>
  <datafield tag="400" ind1="1" ind2=" ">
    <subfield code="a">Yoshiteru, Abe,</subfield>
    <subfield code="d">1941-2009</subfield>
  </datafield>
  <datafield tag="400" ind1="1" ind2=" ">
    <subfield code="w">nne</subfield>
    <subfield code="a">Abe, Yoshiteru,</subfield>
    <subfield code="d">1941-</subfield>
  </datafield>
  <datafield tag="400" ind1="1" ind2=" ">
    <subfield code="a">安倍吉輝,</subfield>
    <subfield code="d">1941-2009</subfield>
  </datafield>
  <datafield tag="667" ind1=" " ind2=" ">
    <subfield code="a">Non-Latin script reference not evaluated.</subfield>
  </datafield>
  <datafield tag="670" ind1=" " ind2=" ">
    <subfield code="a">Taikyoku hapuningu-shū, 1973.</subfield>
  </datafield>
  <datafield tag="670" ind1=" " ind2=" ">
    <subfield code="a">Step up to a higher level, 1996:</subfield>
    <subfield code="b">t.p. (Abe Yoshiteru)</subfield>
  </datafield>
  <datafield tag="670" ind1=" " ind2=" ">
    <subfield code="a">Whoplus, Dec. 27, 2019</subfield>
    <subfield code="b">(安倍吉輝 = Abe Yoshiteru; r; b. Sept. 28, 1941; d. Oct. 25, 2009; native of Kanan-chō, Monou-gun, Miyagi-ken (now Ishinomaki-shi); grad., Teikyōshō, Shōwa 35 [1960]; go player)</subfield>
  </datafield>
  <datafield tag="952" ind1=" " ind2=" ">
    <subfield code="a">RETRO</subfield>
  </datafield>
  <datafield tag="953" ind1=" " ind2=" ">
    <subfield code="a">xx00</subfield>
    <subfield code="b">td03</subfield>
  </datafield>
</record>