
<record>
  <leader>01123cz  a2200253n  4500</leader>
  <controlfield tag="001">3376800</controlfield>
  <controlfield tag="003">DLC</controlfield>
  <controlfield tag="005">20200102153828.0</controlfield>
  <controlfield tag="008">840816n| azannaabn          |b aaa      </controlfield>
  <datafield tag="010" ind1=" " ind2=" ">
    <subfield code="a">n  84150940 </subfield>
  </datafield>
  <datafield tag="035" ind1=" " ind2=" ">
    <subfield code="a">(OCoLC)oca01192634</subfield>
  </datafield>
  <datafield tag="040" ind1=" " ind2=" ">
    <subfield code="a">DLC</subfield>
    <subfield code="b">eng</subfield>
    <subfield code="c">DLC</subfield>
    <subfield code="d">DLC</subfield>
    <subfield code="d">OCoLC</subfield>
    <subfield code="e">rda</subfield>
    <subfield code="d">DLC</subfield>
  </datafield>
  <datafield tag="053" ind1=" " ind2="0">
    <subfield code="a">PK6561.H27</subfield>
  </datafield>
  <datafield tag="100" ind1="1" ind2=" ">
    <subfield code="a">Ḥālat, Abū al-Qāsim</subfield>
  </datafield>
  <datafield tag="400" ind1="1" ind2=" ">
    <subfield code="a">ابو القاسم حالت</subfield>
  </datafield>
  <datafield tag="400" ind1="1" ind2=" ">
    <subfield code="a">ابوالقاسم حالت</subfield>
  </datafield>
  <datafield tag="400" ind1="1" ind2=" ">
    <subfield code="a">حالات، ابو القاسم</subfield>
  </datafield>
  <datafield tag="400" ind1="1" ind2=" ">
    <subfield code="a">حالت، ابو القاسم</subfield>
  </datafield>
  <datafield tag="400" ind1="1" ind2=" ">
    <subfield code="a">Hālat, Abolqasem</subfield>
  </datafield>
  <datafield tag="667" ind1=" " ind2=" ">
    <subfield code="a">Machine-derived non-Latin script reference project.</subfield>
  </datafield>
  <datafield tag="667" ind1=" " ind2=" ">
    <subfield code="a">Non-Latin script references not evaluated.</subfield>
  </datafield>
  <datafield tag="670" ind1=" " ind2=" ">
    <subfield code="a">His Pā būsī va chāplūsī, 1978 or 1979:</subfield>
    <subfield code="b">t.p. (Abū al-Qāsim Ḥālat)</subfield>
  </datafield>
  <datafield tag="670" ind1=" " ind2=" ">
    <subfield code="a">Abū al-Qāsim Ḥālat, 2003:</subfield>
    <subfield code="b">t.p. (ابو القاسم حالت = Abū al-Qāsim Ḥālat) facing t.p. (Iranian CIP data: 1294-1371 [1915 or 16-1992 or 3]) p. 7, etc. (b. 1298 [1919 or 20] in Tehran, Iran; on his identity card, DOB is 1292 [1913 or 14]; d. 3 Ābān 1371 [late Oct. 1992])</subfield>
  </datafield>
  <datafield tag="953" ind1=" " ind2=" ">
    <subfield code="a">bt98</subfield>
    <subfield code="b">cm03</subfield>
  </datafield>
</record>