
<record>
  <leader>01046cz  a2200181n  4500</leader>
  <controlfield tag="001">3614711</controlfield>
  <controlfield tag="003">DLC</controlfield>
  <controlfield tag="005">20200102102451.0</controlfield>
  <controlfield tag="008">950419n| azannaabn          |a aaa      </controlfield>
  <datafield tag="010" ind1=" " ind2=" ">
    <subfield code="a">n  95038680 </subfield>
  </datafield>
  <datafield tag="035" ind1=" " ind2=" ">
    <subfield code="a">(OCoLC)oca03819470</subfield>
  </datafield>
  <datafield tag="040" ind1=" " ind2=" ">
    <subfield code="a">DLC</subfield>
    <subfield code="b">eng</subfield>
    <subfield code="c">DLC</subfield>
    <subfield code="d">OClW</subfield>
    <subfield code="e">rda</subfield>
    <subfield code="d">DLC</subfield>
  </datafield>
  <datafield tag="100" ind1="1" ind2=" ">
    <subfield code="a">Jones, Clive,</subfield>
    <subfield code="d">1965-</subfield>
  </datafield>
  <datafield tag="400" ind1="1" ind2=" ">
    <subfield code="a">Jones, Clive Allan,</subfield>
    <subfield code="d">1965-</subfield>
  </datafield>
  <datafield tag="670" ind1=" " ind2=" ">
    <subfield code="a">His Soviet Jewish aliyah, 1989 to 1992, 1995:</subfield>
    <subfield code="b">CIP t.p. (Clive Jones, University of Wales) data sheet (Jones, Clive Allan; b. 7-7-65)</subfield>
  </datafield>
  <datafield tag="670" ind1=" " ind2=" ">
    <subfield code="a">His Israel, 2002:</subfield>
    <subfield code="b">t.p. (Clive Jones) p. i (senior lecturer, Institute for Politics and International Studies, Univ. of Leeds)</subfield>
  </datafield>
  <datafield tag="670" ind1=" " ind2=" ">
    <subfield code="a">His Clandestine Lives of David Smiley, 2019:</subfield>
    <subfield code="b">back cover (Clive Jones is Chair in Regional Security (Middle East) at Durham University and Visiting Research Professor in the Department of Historical Studies, NTNU, Trondheim, Norway)</subfield>
  </datafield>
  <datafield tag="670" ind1=" " ind2=" ">
    <subfield code="a">Durham University (UK) faculty web page, viewed Jan. 2, 2020:</subfield>
    <subfield code="b">(provides bibliographic connection between author of works cited in this authority record)</subfield>
  </datafield>
</record>