
<record>
  <leader>01824cz  a2200277n  4500</leader>
  <controlfield tag="001">3858511</controlfield>
  <controlfield tag="003">DLC</controlfield>
  <controlfield tag="005">20200102152747.0</controlfield>
  <controlfield tag="008">850819n| azannaabn          |a ana      </controlfield>
  <datafield tag="010" ind1=" " ind2=" ">
    <subfield code="a">n  85076053 </subfield>
    <subfield code="z">no2019084397</subfield>
  </datafield>
  <datafield tag="035" ind1=" " ind2=" ">
    <subfield code="a">(OCoLC)oca01392982</subfield>
  </datafield>
  <datafield tag="040" ind1=" " ind2=" ">
    <subfield code="a">DLC</subfield>
    <subfield code="b">eng</subfield>
    <subfield code="e">rda</subfield>
    <subfield code="c">DLC</subfield>
    <subfield code="d">DLC</subfield>
    <subfield code="d">Uk</subfield>
    <subfield code="d">DNLM</subfield>
    <subfield code="d">MnU</subfield>
    <subfield code="d">DLC</subfield>
  </datafield>
  <datafield tag="046" ind1=" " ind2=" ">
    <subfield code="s">1953</subfield>
    <subfield code="2">edtf</subfield>
  </datafield>
  <datafield tag="110" ind1="2" ind2=" ">
    <subfield code="a">Operational Research Society (Great Britain)</subfield>
  </datafield>
  <datafield tag="370" ind1=" " ind2=" ">
    <subfield code="c">Great Britain</subfield>
    <subfield code="e">London (England)</subfield>
    <subfield code="2">naf</subfield>
  </datafield>
  <datafield tag="372" ind1=" " ind2=" ">
    <subfield code="a">Operations research</subfield>
    <subfield code="2">lcsh</subfield>
  </datafield>
  <datafield tag="377" ind1=" " ind2=" ">
    <subfield code="a">eng</subfield>
  </datafield>
  <datafield tag="410" ind1="2" ind2=" ">
    <subfield code="a">OR Society (Great Britain)</subfield>
  </datafield>
  <datafield tag="410" ind1="2" ind2=" ">
    <subfield code="a">O.R. Society (Great Britain)</subfield>
  </datafield>
  <datafield tag="510" ind1="2" ind2=" ">
    <subfield code="w">r</subfield>
    <subfield code="i">Predecessor:</subfield>
    <subfield code="a">Operational Research Club (Great Britain)</subfield>
  </datafield>
  <datafield tag="670" ind1=" " ind2=" ">
    <subfield code="a">Further developments in operational research, c1985:</subfield>
    <subfield code="b">CIP ser. t.p. (Operational Research Society Limited, London; Operational Research Society)</subfield>
  </datafield>
  <datafield tag="670" ind1=" " ind2=" ">
    <subfield code="a">IMSIO 4, 2009:</subfield>
    <subfield code="b">t.p. (OR Society) back cover (Operational Research Society)</subfield>
  </datafield>
  <datafield tag="670" ind1=" " ind2=" ">
    <subfield code="a">Journal of business analytics website, viewed June 7, 2019:</subfield>
    <subfield code="b">homepage (The Journal of Business Analytics is an official journal of the Operational Research Society)</subfield>
    <subfield code="u">https://www.tandfonline.com/action/journalInformation?show=aimsScope&amp;journalCode=tjba20</subfield>
  </datafield>
  <datafield tag="670" ind1=" " ind2=" ">
    <subfield code="a">Operational Research Society website, viewed June 7, 2019:</subfield>
    <subfield code="b">Who We Are page (History of The OR Society...The OR Club, the world&apos;s first body set up to cater for the operational research profession; autumn of 1947 at an informal dinner at the Athenaeum Club in London where a momentous decision was made: to form an operational research club; the OR Club was duly inaugurated in April 1948 with an initial membership of fifty.)</subfield>
    <subfield code="u">https://www.theorsociety.com/who-we-are/history-of-the-or-society/</subfield>
  </datafield>
  <datafield tag="678" ind1=" " ind2=" ">
    <subfield code="a">Established as Operational Research Club in 1947.  Name changed to Operational Research Society in 1953.</subfield>
  </datafield>
  <datafield tag="953" ind1=" " ind2=" ">
    <subfield code="a">bc99</subfield>
  </datafield>
</record>