
<record>
  <leader>01900cz  a2200325n  4500</leader>
  <controlfield tag="001">4063213</controlfield>
  <controlfield tag="003">DLC</controlfield>
  <controlfield tag="005">20200102143849.0</controlfield>
  <controlfield tag="008">940620n| azaabaaan          |a ana      </controlfield>
  <datafield tag="010" ind1=" " ind2=" ">
    <subfield code="a">n  94059013 </subfield>
    <subfield code="z">ns2012002658</subfield>
    <subfield code="z">n  99045031 </subfield>
    <subfield code="z">no 99066716 </subfield>
    <subfield code="z">ns2019002174</subfield>
  </datafield>
  <datafield tag="035" ind1=" " ind2=" ">
    <subfield code="a">(OCoLC)oca03627002</subfield>
  </datafield>
  <datafield tag="040" ind1=" " ind2=" ">
    <subfield code="a">DLC</subfield>
    <subfield code="b">eng</subfield>
    <subfield code="e">rda</subfield>
    <subfield code="c">DLC</subfield>
    <subfield code="d">DLC</subfield>
    <subfield code="d">UPB</subfield>
    <subfield code="d">DLC</subfield>
    <subfield code="d">NcD</subfield>
    <subfield code="d">DLC</subfield>
    <subfield code="d">MnU</subfield>
    <subfield code="d">DLC</subfield>
  </datafield>
  <datafield tag="130" ind1=" " ind2="0">
    <subfield code="a">Colección Ciencias sociales (Editorial Espacio)</subfield>
  </datafield>
  <datafield tag="373" ind1=" " ind2=" ">
    <subfield code="a">Editorial Espacio</subfield>
    <subfield code="2">naf</subfield>
  </datafield>
  <datafield tag="380" ind1=" " ind2=" ">
    <subfield code="a">Series (Publications)</subfield>
    <subfield code="a">Monographic series</subfield>
    <subfield code="2">lcsh</subfield>
  </datafield>
  <datafield tag="430" ind1=" " ind2="0">
    <subfield code="a">Ciencias sociales (Editorial Espacio)</subfield>
  </datafield>
  <datafield tag="430" ind1=" " ind2="0">
    <subfield code="a">Colección Ciencias sociales.</subfield>
    <subfield code="p">Novedades</subfield>
  </datafield>
  <datafield tag="430" ind1=" " ind2="0">
    <subfield code="w">nne</subfield>
    <subfield code="a">Colección Ciencias sociales (Buenos Aires, Argentina)</subfield>
  </datafield>
  <datafield tag="643" ind1=" " ind2=" ">
    <subfield code="a">Buenos Aires, Argentina</subfield>
    <subfield code="b">Espacio editorial</subfield>
  </datafield>
  <datafield tag="644" ind1=" " ind2=" ">
    <subfield code="a">f</subfield>
    <subfield code="5">DLC</subfield>
  </datafield>
  <datafield tag="645" ind1=" " ind2=" ">
    <subfield code="a">t</subfield>
    <subfield code="5">DPCC</subfield>
    <subfield code="5">DLC</subfield>
  </datafield>
  <datafield tag="646" ind1=" " ind2=" ">
    <subfield code="a">s</subfield>
    <subfield code="5">DLC</subfield>
  </datafield>
  <datafield tag="667" ind1=" " ind2=" ">
    <subfield code="a">Ignore the word &quot;Novedades&quot; appearing in conjunction with the title on series title page or publisher&apos;s list.</subfield>
  </datafield>
  <datafield tag="670" ind1=" " ind2=" ">
    <subfield code="a">El teatro en la communidad, 1993:</subfield>
    <subfield code="b">t.p. verso (Colección Ciencias sociales)</subfield>
  </datafield>
  <datafield tag="670" ind1=" " ind2=" ">
    <subfield code="a">Niñez, familia y derechos humanos: logros y desafios pendientes en la primera década del siglo XXI, 2010:</subfield>
    <subfield code="b">ser t.p. (Colección CIENCIAS SOCIALES)</subfield>
  </datafield>
  <datafield tag="670" ind1=" " ind2=" ">
    <subfield code="a">La lucha por el respecto en un contexto de pobreza y desigualdad, 2015:</subfield>
    <subfield code="b">series t.p. (Colección Ciencias sociales. NOVEDADES)</subfield>
  </datafield>
  <datafield tag="670" ind1=" " ind2=" ">
    <subfield code="a">Email from Editorial Espacio, Jan. 11, 2017</subfield>
    <subfield code="b">(the title of the series is &quot;Colección Ciencias sociales&quot;; &quot;Novedades&quot; is neither part of the title, a subtitle, nor a subseries, but merely indicates a presentation of the most recent publications in this series)</subfield>
  </datafield>
  <datafield tag="670" ind1=" " ind2=" ">
    <subfield code="a">Indicadores sociales, 1998:</subfield>
    <subfield code="b">p. before t.p. (Colección Ciencias sociales. Novedades)</subfield>
  </datafield>
  <datafield tag="670" ind1=" " ind2=" ">
    <subfield code="a">Guía para la redacción de un proyecto de investigación, 2017:</subfield>
    <subfield code="b">series title page (Colección Ciencias Sociales)</subfield>
  </datafield>
  <datafield tag="953" ind1=" " ind2=" ">
    <subfield code="a">jh26</subfield>
    <subfield code="b">sb17</subfield>
  </datafield>
</record>