
<record>
  <leader>00388cz  a2200133n  4500</leader>
  <controlfield tag="001">4063582</controlfield>
  <controlfield tag="003">DLC</controlfield>
  <controlfield tag="005">20200102135035.0</controlfield>
  <controlfield tag="008">940630n| azannaab           |n aaa      </controlfield>
  <datafield tag="010" ind1=" " ind2=" ">
    <subfield code="a">n  94063153 </subfield>
  </datafield>
  <datafield tag="035" ind1=" " ind2=" ">
    <subfield code="a">(DLC)n  94063153</subfield>
  </datafield>
  <datafield tag="040" ind1=" " ind2=" ">
    <subfield code="a">DLC</subfield>
    <subfield code="b">eng</subfield>
    <subfield code="e">rda</subfield>
    <subfield code="c">DLC</subfield>
    <subfield code="d">DLC</subfield>
  </datafield>
  <datafield tag="100" ind1="1" ind2=" ">
    <subfield code="a">Summers, Marshall Vian,</subfield>
    <subfield code="d">1949-.</subfield>
    <subfield code="t">Wisdom of the teachers</subfield>
  </datafield>
  <datafield tag="670" ind1=" " ind2=" ">
    <subfield code="a">Summers, M. Wisdom from the greater community, c1993-</subfield>
  </datafield>
</record>