
<record>
  <leader>02729cz  a2200409n  4500</leader>
  <controlfield tag="001">4233292</controlfield>
  <controlfield tag="003">DLC</controlfield>
  <controlfield tag="005">20200102130002.0</controlfield>
  <controlfield tag="008">800826n| azannaabn          |b aaa      </controlfield>
  <datafield tag="010" ind1=" " ind2=" ">
    <subfield code="a">n  80080272 </subfield>
  </datafield>
  <datafield tag="035" ind1=" " ind2=" ">
    <subfield code="a">(OCoLC)oca00461572</subfield>
  </datafield>
  <datafield tag="040" ind1=" " ind2=" ">
    <subfield code="a">DLC</subfield>
    <subfield code="b">eng</subfield>
    <subfield code="c">DLC</subfield>
    <subfield code="d">ICU</subfield>
    <subfield code="d">OCoLC</subfield>
    <subfield code="d">DLC</subfield>
    <subfield code="e">rda</subfield>
    <subfield code="d">DLC</subfield>
    <subfield code="d">DLC</subfield>
    <subfield code="d">DLC</subfield>
  </datafield>
  <datafield tag="046" ind1=" " ind2=" ">
    <subfield code="f">18630830</subfield>
    <subfield code="g">19440927</subfield>
  </datafield>
  <datafield tag="100" ind1="1" ind2=" ">
    <subfield code="a">Prokudin-Gorskiĭ, Sergeĭ Mikhaĭlovich,</subfield>
    <subfield code="d">1863-1944</subfield>
  </datafield>
  <datafield tag="370" ind1=" " ind2=" ">
    <subfield code="a">Murom (Russia)</subfield>
    <subfield code="b">Paris (France)</subfield>
    <subfield code="g">Saint Petersburg (Russia)</subfield>
    <subfield code="2">lcsh</subfield>
  </datafield>
  <datafield tag="374" ind1=" " ind2=" ">
    <subfield code="a">Photographers</subfield>
    <subfield code="a">Printmakers</subfield>
    <subfield code="2">lcsh</subfield>
  </datafield>
  <datafield tag="375" ind1=" " ind2=" ">
    <subfield code="a">male</subfield>
  </datafield>
  <datafield tag="377" ind1=" " ind2=" ">
    <subfield code="a">rus</subfield>
    <subfield code="a">fre</subfield>
  </datafield>
  <datafield tag="400" ind1="1" ind2=" ">
    <subfield code="a">Прокудин-Горский, Сергей Михайлович,</subfield>
    <subfield code="d">1863-1944</subfield>
  </datafield>
  <datafield tag="400" ind1="1" ind2=" ">
    <subfield code="a">Gorskiĭ, S. M. Prokudin-</subfield>
    <subfield code="q">(Sergeĭ Mikhaĭlovich Prokudin- ),</subfield>
    <subfield code="d">1863-1944</subfield>
  </datafield>
  <datafield tag="400" ind1="1" ind2=" ">
    <subfield code="a">Prokudin-Gorskiĭ, S. M.</subfield>
    <subfield code="q">(Sergeĭ Mikhaĭlovich),</subfield>
    <subfield code="d">1863-1944</subfield>
  </datafield>
  <datafield tag="400" ind1="1" ind2=" ">
    <subfield code="a">Prokudin-Gorsky, Sergei Mikhailovich,</subfield>
    <subfield code="d">1863-1944</subfield>
  </datafield>
  <datafield tag="400" ind1="1" ind2=" ">
    <subfield code="a">Procoudine-Gorsky, Sergueï Mikhaïlovitch,</subfield>
    <subfield code="d">1863-1944</subfield>
  </datafield>
  <datafield tag="400" ind1="1" ind2=" ">
    <subfield code="a">Gorsky, Sergei Mikhailovich Prokudin- ,</subfield>
    <subfield code="d">1863-1944</subfield>
  </datafield>
  <datafield tag="400" ind1="1" ind2=" ">
    <subfield code="w">nnaa</subfield>
    <subfield code="a">Prokudin-Gorskiĭ, S. M.</subfield>
  </datafield>
  <datafield tag="510" ind1="2" ind2=" ">
    <subfield code="a">&quot;Fotot︠s︡inkograficheskai︠a︡ i fototekhnicheskai︠a︡ masterskai︠a︡&quot; S.M. Prokudina-Gorskogo</subfield>
  </datafield>
  <datafield tag="670" ind1=" " ind2=" ">
    <subfield code="a">His Russko-I︠A︡ponskai︠a︡ voina, 19--.</subfield>
  </datafield>
  <datafield tag="670" ind1=" " ind2=" ">
    <subfield code="a">Rambler, 07-28-00</subfield>
    <subfield code="b">(Sergeĭ Mikhaĭlovich Prokudin-Gorskiĭ; usage: S.M. Prokudin-Gorskiĭ)</subfield>
  </datafield>
  <datafield tag="670" ind1=" " ind2=" ">
    <subfield code="a">Alexander Palace time machine, 07-28-00</subfield>
    <subfield code="b">(Prokudin-Gorsky, Sergei Mikhailovich)</subfield>
  </datafield>
  <datafield tag="670" ind1=" " ind2=" ">
    <subfield code="a">Photographs for the tsar, 1981:</subfield>
    <subfield code="b">t.p. (Sergei Mikhailovich Prokudin-Gorskii) p. ix (b. in Saint Petersburg in Aug. 30 [Aug. 18th according to old calendar]1863) p. xxii (d. 1943 [sic] in Paris)</subfield>
  </datafield>
  <datafield tag="670" ind1=" " ind2=" ">
    <subfield code="a">LC PreMARC file</subfield>
    <subfield code="b">(hdg.: Prokudin-Gorskiĭ, S. M.)</subfield>
  </datafield>
  <datafield tag="670" ind1=" " ind2=" ">
    <subfield code="a">LC database, 2/28/2001</subfield>
    <subfield code="b">(hdg.:  Prokudin-Gorskiĭ, Sergeĭ Mikhaĭlovich, 1863-1943;  Prokudin-Gorskiĭ, Sergeĭ Mikhaĭlovich, 1863-1944)</subfield>
  </datafield>
  <datafield tag="670" ind1=" " ind2=" ">
    <subfield code="a">Email from Dr. S. Garanina, 2/16/2001</subfield>
    <subfield code="b">(d. 9/27/1944; d. date from church records of Saint Geneviève de Bouis where Prokudin-Gorskii is buried; same date from cross on his grave)</subfield>
  </datafield>
  <datafield tag="670" ind1=" " ind2=" ">
    <subfield code="a">Voyage dans l&apos;ancienne Russie, 2013:</subfield>
    <subfield code="b">title page (Sergueï Mikhaïlovitch Procoudine-Gorsky) page 7 (b. in Mourom, 1863)</subfield>
  </datafield>
  <datafield tag="670" ind1=" " ind2=" ">
    <subfield code="a">Gogolʹ, Nikolaĭ Vasilʹevich. Vechera na khutori︠e︡ blizʺ Dikanʹki. Mirgorodʺ, 1911:</subfield>
    <subfield code="b">t.p. verso (Klishe ispolneny khudozhestvennoĭ fotomekhanicheskoĭ masterskoĭ S.M. Prokudina-Gorskago vʺ S.-Peterburgi︠e︡)</subfield>
  </datafield>
  <datafield tag="675" ind1=" " ind2=" ">
    <subfield code="a">Britannica;</subfield>
    <subfield code="a">Bolʹsh. sov. ėnt︠s︡ikl, 2nd-3rd eds.;</subfield>
    <subfield code="a">Russian Brockhaus: v. 25, p. 391 (Prokudiny-Gorskīe: a noble family descending from one of the voevods of the Kulikovo bytva (1380))</subfield>
  </datafield>
  <datafield tag="952" ind1=" " ind2=" ">
    <subfield code="a">RETRO</subfield>
  </datafield>
</record>