
<record>
  <leader>00519cz  a2200157n  4500</leader>
  <controlfield tag="001">4233363</controlfield>
  <controlfield tag="003">DLC</controlfield>
  <controlfield tag="005">20200102142734.0</controlfield>
  <controlfield tag="008">800723n| azannaab           |a aaa      </controlfield>
  <datafield tag="010" ind1=" " ind2=" ">
    <subfield code="a">n  80081002 </subfield>
  </datafield>
  <datafield tag="035" ind1=" " ind2=" ">
    <subfield code="a">(DLC)n  80081002</subfield>
  </datafield>
  <datafield tag="040" ind1=" " ind2=" ">
    <subfield code="a">DLC</subfield>
    <subfield code="b">eng</subfield>
    <subfield code="e">rda</subfield>
    <subfield code="c">DLC</subfield>
    <subfield code="d">DLC</subfield>
  </datafield>
  <datafield tag="100" ind1="1" ind2=" ">
    <subfield code="a">Bazhenov, M. I.</subfield>
    <subfield code="q">(Mikhail Ivanovich)</subfield>
  </datafield>
  <datafield tag="400" ind1="1" ind2=" ">
    <subfield code="w">nnea</subfield>
    <subfield code="a">Bazhenov, Mikhail Ivanovich</subfield>
  </datafield>
  <datafield tag="670" ind1=" " ind2=" ">
    <subfield code="a">Promyshlennye teplovye ėlektrostant︠s︡ii, 1979 (a.e.)</subfield>
    <subfield code="b">verso t.p. (Bazhenov M. I.) colophon (Mikhail Ivanovich Bazhenov)</subfield>
  </datafield>
  <datafield tag="953" ind1=" " ind2=" ">
    <subfield code="a">ee24</subfield>
    <subfield code="b">ee29</subfield>
  </datafield>
</record>