
<record>
  <leader>03015cz  a2200577n  4500</leader>
  <controlfield tag="001">4236157</controlfield>
  <controlfield tag="003">DLC</controlfield>
  <controlfield tag="005">20200102154936.0</controlfield>
  <controlfield tag="008">800829n| azannaabn          |b aaa      </controlfield>
  <datafield tag="010" ind1=" " ind2=" ">
    <subfield code="a">n  80110912 </subfield>
    <subfield code="z">n  80110901 </subfield>
    <subfield code="z">n  80110903 </subfield>
    <subfield code="z">n  80110904 </subfield>
    <subfield code="z">n  80110905 </subfield>
    <subfield code="z">n  80110906 </subfield>
    <subfield code="z">n  80110907 </subfield>
    <subfield code="z">n  80110908 </subfield>
    <subfield code="z">n  80110902 </subfield>
    <subfield code="z">n  80110919 </subfield>
    <subfield code="z">sh 88006727 </subfield>
    <subfield code="z">n  80110916 </subfield>
  </datafield>
  <datafield tag="016" ind1=" " ind2=" ">
    <subfield code="a">0002E9322E</subfield>
  </datafield>
  <datafield tag="035" ind1=" " ind2=" ">
    <subfield code="a">(OCoLC)oca00491656</subfield>
  </datafield>
  <datafield tag="035" ind1=" " ind2=" ">
    <subfield code="a">(Uk)000566796</subfield>
  </datafield>
  <datafield tag="040" ind1=" " ind2=" ">
    <subfield code="a">DLC</subfield>
    <subfield code="b">eng</subfield>
    <subfield code="e">rda</subfield>
    <subfield code="c">DLC</subfield>
    <subfield code="d">DLC</subfield>
    <subfield code="d">DLC-R</subfield>
    <subfield code="d">GU</subfield>
    <subfield code="d">DLC</subfield>
    <subfield code="d">OCoLC</subfield>
    <subfield code="d">UPB</subfield>
    <subfield code="d">NIC</subfield>
    <subfield code="d">SG-SiILA</subfield>
    <subfield code="d">OCoLC</subfield>
    <subfield code="d">Uk</subfield>
    <subfield code="d">DLC</subfield>
    <subfield code="d">MdRoLAC</subfield>
    <subfield code="d">CaOONL</subfield>
    <subfield code="d">Uk</subfield>
    <subfield code="d">DLC</subfield>
  </datafield>
  <datafield tag="046" ind1=" " ind2=" ">
    <subfield code="f">1856</subfield>
    <subfield code="g">1919</subfield>
    <subfield code="2">edtf</subfield>
  </datafield>
  <datafield tag="053" ind1=" " ind2="0">
    <subfield code="a">PS3503.A923</subfield>
  </datafield>
  <datafield tag="100" ind1="1" ind2=" ">
    <subfield code="a">Baum, L. Frank</subfield>
    <subfield code="q">(Lyman Frank),</subfield>
    <subfield code="d">1856-1919</subfield>
  </datafield>
  <datafield tag="375" ind1=" " ind2=" ">
    <subfield code="a">Males</subfield>
    <subfield code="2">lcdgt</subfield>
  </datafield>
  <datafield tag="400" ind1="1" ind2=" ">
    <subfield code="a">Baum, Frėnk,</subfield>
    <subfield code="d">1856-1919</subfield>
  </datafield>
  <datafield tag="400" ind1="1" ind2=" ">
    <subfield code="w">nna</subfield>
    <subfield code="a">Baum, Lyman Frank,</subfield>
    <subfield code="d">1856-1919</subfield>
  </datafield>
  <datafield tag="400" ind1="1" ind2=" ">
    <subfield code="a">Akers, Floyd,</subfield>
    <subfield code="d">1856-1919</subfield>
  </datafield>
  <datafield tag="400" ind1="1" ind2=" ">
    <subfield code="a">Bancroft, Laura,</subfield>
    <subfield code="d">1856-1919</subfield>
  </datafield>
  <datafield tag="400" ind1="1" ind2=" ">
    <subfield code="a">Cooke, John Estes,</subfield>
    <subfield code="d">1856-1919</subfield>
  </datafield>
  <datafield tag="400" ind1="1" ind2=" ">
    <subfield code="a">Fitzgerald, Hugh,</subfield>
    <subfield code="d">1856-1919</subfield>
  </datafield>
  <datafield tag="400" ind1="1" ind2=" ">
    <subfield code="a">Metcalf, Suzanne,</subfield>
    <subfield code="d">1856-1919</subfield>
  </datafield>
  <datafield tag="400" ind1="1" ind2=" ">
    <subfield code="a">Staunton, Schuyler,</subfield>
    <subfield code="d">1856-1919</subfield>
  </datafield>
  <datafield tag="400" ind1="1" ind2=" ">
    <subfield code="a">Van Dyne, Edith,</subfield>
    <subfield code="d">1856-1919</subfield>
  </datafield>
  <datafield tag="400" ind1="0" ind2=" ">
    <subfield code="a">ʻǢn. Frǣnk Bōm,</subfield>
    <subfield code="d">1856-1919</subfield>
  </datafield>
  <datafield tag="400" ind1="1" ind2=" ">
    <subfield code="a">Pām, El. K̲aprāṅk,</subfield>
    <subfield code="d">1856-1919</subfield>
  </datafield>
  <datafield tag="400" ind1="1" ind2=" ">
    <subfield code="a">Pām, L. K̲aprāṅk,</subfield>
    <subfield code="d">1856-1919</subfield>
  </datafield>
  <datafield tag="400" ind1="1" ind2=" ">
    <subfield code="a">Baum, Frank L.,</subfield>
    <subfield code="d">1856-1919</subfield>
  </datafield>
  <datafield tag="400" ind1="1" ind2=" ">
    <subfield code="a">Pōm, El. Pirāṅk,</subfield>
    <subfield code="d">1856-1919</subfield>
  </datafield>
  <datafield tag="400" ind1="1" ind2=" ">
    <subfield code="a">Pōm, L. Pirāṅk,</subfield>
    <subfield code="d">1856-1919</subfield>
  </datafield>
  <datafield tag="400" ind1="1" ind2=" ">
    <subfield code="a">באום, ל. פראנק</subfield>
  </datafield>
  <datafield tag="400" ind1="1" ind2=" ">
    <subfield code="a">Bāwm, L. Firānk,</subfield>
    <subfield code="d">1856-1919</subfield>
  </datafield>
  <datafield tag="400" ind1="1" ind2=" ">
    <subfield code="a">باوم، ل. فرانک</subfield>
  </datafield>
  <datafield tag="667" ind1=" " ind2=" ">
    <subfield code="a">Do not confuse Baum, L. Frank (Lyman Frank), 1856-1919, author of The Wonderful Wizard of Oz, with his son Baum, Frank Joslyn, 1883-1958 (nr 97026864), who was involved with the 1925 and 1933 film adaptations of his father&apos;s book</subfield>
  </datafield>
  <datafield tag="667" ind1=" " ind2=" ">
    <subfield code="a">Machine-derived non-Latin script reference project.</subfield>
  </datafield>
  <datafield tag="667" ind1=" " ind2=" ">
    <subfield code="a">Non-Latin script reference not evaluated.</subfield>
  </datafield>
  <datafield tag="667" ind1=" " ind2=" ">
    <subfield code="a">Includes the old catalog headings: Akers, Floyd; Bancroft, Laura; Cooke, John Estes; Fitzgerald, Hugh; Metcalf, Suzanne; Staunton, Schuyler; Van Dyne, Edith</subfield>
  </datafield>
  <datafield tag="670" ind1=" " ind2=" ">
    <subfield code="a">His ha-Ḳosem me-Erets ʻUts, 1988:</subfield>
    <subfield code="b">t.p. (L. Franḳ Baʼum [voc.]) colophon (L. Frank Baum [in rom.])</subfield>
  </datafield>
  <datafield tag="670" ind1=" " ind2=" ">
    <subfield code="a">The Wizard of Oz, c1996:</subfield>
    <subfield code="b">t.p. (L. Frank Baum) jkt. (b. in Chittenago, New York; d. in 1919)</subfield>
  </datafield>
  <datafield tag="670" ind1=" " ind2=" ">
    <subfield code="a">Čhaoying ʻŌ̜tmā, 2003:</subfield>
    <subfield code="b">t.p. (ʻǢn. Frǣnk Bōm)</subfield>
  </datafield>
  <datafield tag="670" ind1=" " ind2=" ">
    <subfield code="a">Vicittirap payaṇam, 2003:</subfield>
    <subfield code="b">t.p. (El. K̲aprāṅk Pām)</subfield>
  </datafield>
  <datafield tag="670" ind1=" " ind2=" ">
    <subfield code="a">WWW, May 19, 2006</subfield>
    <subfield code="b">(Frank L. Baum)</subfield>
  </datafield>
  <datafield tag="670" ind1=" " ind2=" ">
    <subfield code="a">Marakata Nāṭṭu mantiravāti, 2006:</subfield>
    <subfield code="b">t.p. (El. Pirāṅk Pōm)</subfield>
  </datafield>
  <datafield tag="670" ind1=" " ind2=" ">
    <subfield code="a">The road to Oz, 2018:</subfield>
    <subfield code="b">ECIP data view (The Road to Oz is a complete retelling of how The Wizard of Oz was influenced and created)</subfield>
  </datafield>
  <datafield tag="700" ind1="1" ind2="6">
    <subfield code="a">Baum, L. Frank</subfield>
    <subfield code="q">(Lyman Frank),</subfield>
    <subfield code="d">1856-1919</subfield>
    <subfield code="0">(CaOONL)ncf10130929</subfield>
  </datafield>
  <datafield tag="670" ind1=" " ind2=" ">
    <subfield code="a">Bāzgasht bih shahr-i zumurrud, 1971:</subfield>
    <subfield code="b">t.p. (ل. فرانک باوم =  L. Firānk Bāwm) t.p. verso (L. Frank Baum [in rom.])</subfield>
  </datafield>
  <datafield tag="952" ind1=" " ind2=" ">
    <subfield code="a">RETRO</subfield>
  </datafield>
  <datafield tag="953" ind1=" " ind2=" ">
    <subfield code="a">xx00</subfield>
    <subfield code="b">cm03</subfield>
  </datafield>
</record>