
<record>
  <leader>03176cz  a2200433n  4500</leader>
  <controlfield tag="001">4383568</controlfield>
  <controlfield tag="003">DLC</controlfield>
  <controlfield tag="005">20200102111920.0</controlfield>
  <controlfield tag="008">880324n| azannaabn          |b aaa     c</controlfield>
  <datafield tag="010" ind1=" " ind2=" ">
    <subfield code="a">n  87866122 </subfield>
    <subfield code="z">nr 94025557 </subfield>
  </datafield>
  <datafield tag="035" ind1=" " ind2=" ">
    <subfield code="a">(OCoLC)oca02236063</subfield>
  </datafield>
  <datafield tag="040" ind1=" " ind2=" ">
    <subfield code="a">IU</subfield>
    <subfield code="b">eng</subfield>
    <subfield code="e">rda</subfield>
    <subfield code="c">DLC</subfield>
    <subfield code="d">DLC</subfield>
    <subfield code="d">NNC</subfield>
    <subfield code="d">DLC</subfield>
    <subfield code="d">OCoLC</subfield>
    <subfield code="d">WU</subfield>
    <subfield code="d">DLC</subfield>
  </datafield>
  <datafield tag="046" ind1=" " ind2=" ">
    <subfield code="f">1883-02-25</subfield>
    <subfield code="g">1953-08-05</subfield>
  </datafield>
  <datafield tag="100" ind1="1" ind2=" ">
    <subfield code="a">Hryhoriïv, N. I︠A︡.</subfield>
    <subfield code="q">(Nykyfor I︠A︡.),</subfield>
    <subfield code="d">1883-1953</subfield>
  </datafield>
  <datafield tag="370" ind1=" " ind2=" ">
    <subfield code="a">Ukraine</subfield>
    <subfield code="b">New York (N.Y.)</subfield>
    <subfield code="2">naf</subfield>
  </datafield>
  <datafield tag="374" ind1=" " ind2=" ">
    <subfield code="a">Statesmen</subfield>
    <subfield code="a">Educators</subfield>
    <subfield code="a">Authors, Ukrainian</subfield>
  </datafield>
  <datafield tag="375" ind1=" " ind2=" ">
    <subfield code="a">male</subfield>
  </datafield>
  <datafield tag="377" ind1=" " ind2=" ">
    <subfield code="a">ukr</subfield>
  </datafield>
  <datafield tag="378" ind1=" " ind2=" ">
    <subfield code="q">Hryhoriĭ I︠A︡kovych</subfield>
  </datafield>
  <datafield tag="400" ind1="1" ind2=" ">
    <subfield code="a">Hryhoriïv, Nykyfor,</subfield>
    <subfield code="d">1883-1953</subfield>
  </datafield>
  <datafield tag="400" ind1="1" ind2=" ">
    <subfield code="a">Hryhorijiv, Nikifor,</subfield>
    <subfield code="d">1883-1953</subfield>
  </datafield>
  <datafield tag="400" ind1="1" ind2=" ">
    <subfield code="a">Hryhorijiv, N. Y.</subfield>
    <subfield code="q">(Nikifor Y.),</subfield>
    <subfield code="d">1883-1953</subfield>
  </datafield>
  <datafield tag="400" ind1="1" ind2=" ">
    <subfield code="a">Hryhoryïv, N.</subfield>
    <subfield code="q">(Nykyfor),</subfield>
    <subfield code="d">1883-1953</subfield>
  </datafield>
  <datafield tag="400" ind1="1" ind2=" ">
    <subfield code="a">Hryhoryiv, Nykyfor,</subfield>
    <subfield code="d">1883-1953</subfield>
  </datafield>
  <datafield tag="400" ind1="1" ind2=" ">
    <subfield code="a">Hryhoriïv, Nychypir,</subfield>
    <subfield code="d">1883-1953</subfield>
  </datafield>
  <datafield tag="400" ind1="1" ind2=" ">
    <subfield code="a">Григориїв, Н. Я</subfield>
    <subfield code="q">(Никифор Я.),</subfield>
    <subfield code="d">1883-1953</subfield>
  </datafield>
  <datafield tag="500" ind1="1" ind2=" ">
    <subfield code="w">nnnc</subfield>
    <subfield code="a">Hryhor&apos;i︠e︡v-Nash,</subfield>
    <subfield code="d">1883-1953</subfield>
  </datafield>
  <datafield tag="500" ind1="1" ind2=" ">
    <subfield code="w">nnnc</subfield>
    <subfield code="a">Nash, Hryhoriĭ,</subfield>
    <subfield code="d">1883-1953</subfield>
  </datafield>
  <datafield tag="663" ind1=" " ind2=" ">
    <subfield code="a">For works of this author entered under other names, search also under:</subfield>
    <subfield code="b">Nash, Hryhoriĭ, 1883-1953 ; Hryhor&apos;i︠e︡v-Nash, 1883-1953</subfield>
  </datafield>
  <datafield tag="667" ind1=" " ind2=" ">
    <subfield code="a">Machine-derived non-Latin script reference project.</subfield>
  </datafield>
  <datafield tag="667" ind1=" " ind2=" ">
    <subfield code="a">Non-Latin script reference not evaluated.</subfield>
  </datafield>
  <datafield tag="667" ind1=" " ind2=" ">
    <subfield code="a">Includes the old catalog headings: Hryhorijiv, Nikifor, 1883- ; Nash, Gr.</subfield>
  </datafield>
  <datafield tag="670" ind1=" " ind2=" ">
    <subfield code="a">Ent︠s︡yklopedii︠a︡ ukraïnoznavstva, 1955:</subfield>
    <subfield code="b">v. 2, p. 436 (Hryhoriïv, Nykyfor, 1883-1953 ; H. Nash)</subfield>
  </datafield>
  <datafield tag="670" ind1=" " ind2=" ">
    <subfield code="a">Shli︠a︡kh do voli, 2019:</subfield>
    <subfield code="b">added title page (Nykyfor Hryhoryiv) page 9 (Никифор Якович Григоріїв = Nykyfor I︠A︡kovych Hryhoriïv)</subfield>
  </datafield>
  <datafield tag="670" ind1=" " ind2=" ">
    <subfield code="a">LC data base, 03-23-88</subfield>
    <subfield code="b">(hdg.: Hryhorijiv, Nikifor, 1883-; usage: N. I︠A︡. Hryhoriïv) LC manual cat. (hdgs.: Nash, Gr. and Hryhorijiv, Nikifor, 1883-; usages: Hr. Nash, N. Y. Hryhorijiv [in rom.], N. Hryhoriïv, N. Hryhoryïv; variant: Hryhoriïv, Nychypir)</subfield>
  </datafield>
  <datafield tag="670" ind1=" " ind2=" ">
    <subfield code="a">Encyc. of Ukraine:</subfield>
    <subfield code="b">v. 2, p. 254 (Hryhoriiv, Nykyfor [Hryhorijiv], b. 02-25-1883 in Burty, Kiev Gubernia, d. 08-05-1953 in New York. Civic and political figure, publicist, and pedagogue (used pseud. H. Nash). He became a member of the Central Rada and president of the Council of Military Deputies for Kiev Okruha. In 1918 he served as the Minister of Education. In 1921 he immigrated to Prague where he served as director of the Ukrainian Sociological Institute, which he helped found. In 1938 he immigrated to the United States, where he worked on Narodna volia and in 1949 became director of the Ukrainian service of the Voice of America. He has written a number of journalist works)</subfield>
  </datafield>
  <datafield tag="670" ind1=" " ind2=" ">
    <subfield code="a">Istorii︠a︡ Ukraïny v narodnykh dumakh ta pisni︠a︡kh, 1993:</subfield>
    <subfield code="b">t.p. (Hryhor&apos;i︠e︡v-Nash)</subfield>
  </datafield>
  <datafield tag="675" ind1=" " ind2=" ">
    <subfield code="a">Istorii︠a︡ ukraïnsʹkoho narodu, 1993: t.p. (Hryhoriĭ Nash);</subfield>
    <subfield code="a">Narodni︠a︡ vlada na Ukraïni, 1922: t.p. (Gr. Nash);</subfield>
    <subfield code="a">His Narodni︠a︡ vlada na Ukraini, 1922: t.p. (Hr. Nash);</subfield>
    <subfield code="a">BLC: v. 282, p. 268 (Nash, Hr.);</subfield>
    <subfield code="a">LC data base, 06-14-95 (hdg.: Nash, Hryhoriĭ, 1883-1953)</subfield>
  </datafield>
  <datafield tag="953" ind1=" " ind2=" ">
    <subfield code="a">bz55</subfield>
    <subfield code="b">fc04</subfield>
  </datafield>
</record>