
<record>
  <leader>00726cz  a2200193n  4500</leader>
  <controlfield tag="001">4399664</controlfield>
  <controlfield tag="003">DLC</controlfield>
  <controlfield tag="005">20200102073107.0</controlfield>
  <controlfield tag="008">880318n| azannaabn          |a aaa      </controlfield>
  <datafield tag="010" ind1=" " ind2=" ">
    <subfield code="a">n  88110202 </subfield>
  </datafield>
  <datafield tag="035" ind1=" " ind2=" ">
    <subfield code="a">(OCoLC)oca02230629</subfield>
  </datafield>
  <datafield tag="040" ind1=" " ind2=" ">
    <subfield code="a">DLC</subfield>
    <subfield code="b">eng</subfield>
    <subfield code="c">DLC</subfield>
    <subfield code="d">DLC</subfield>
    <subfield code="e">rda</subfield>
    <subfield code="d">MdRoLAC</subfield>
  </datafield>
  <datafield tag="046" ind1=" " ind2=" ">
    <subfield code="f">1953-11-03</subfield>
    <subfield code="2">edtf</subfield>
  </datafield>
  <datafield tag="100" ind1="1" ind2=" ">
    <subfield code="a">Englert, Berthold-Georg,</subfield>
    <subfield code="d">1953-</subfield>
  </datafield>
  <datafield tag="372" ind1=" " ind2=" ">
    <subfield code="a">Physics</subfield>
    <subfield code="2">lcsh</subfield>
  </datafield>
  <datafield tag="373" ind1=" " ind2=" ">
    <subfield code="a">Universität München</subfield>
    <subfield code="2">naf</subfield>
  </datafield>
  <datafield tag="400" ind1="1" ind2=" ">
    <subfield code="w">nne</subfield>
    <subfield code="a">Englert, B.-G.</subfield>
    <subfield code="q">(Berthold-Georg),</subfield>
    <subfield code="d">1953-</subfield>
  </datafield>
  <datafield tag="670" ind1=" " ind2=" ">
    <subfield code="a">His Semiclassical theory of atoms, c1988:</subfield>
    <subfield code="b">CIP t.p. (B.-G. Englert) t.p. verso, etc. (Berthold-Georg Englert; Univ. München, Sektion Physik, Garching, F.R.G.; b. 11/3/53) book t.p. (Berthold-Georg Englert)</subfield>
  </datafield>
  <datafield tag="953" ind1=" " ind2=" ">
    <subfield code="a">bd03</subfield>
    <subfield code="b">bc26</subfield>
  </datafield>
</record>