
<record>
  <leader>01271cz  a2200145n  4500</leader>
  <controlfield tag="001">4402681</controlfield>
  <controlfield tag="003">DLC</controlfield>
  <controlfield tag="005">20200102091619.0</controlfield>
  <controlfield tag="008">890706n| azannaab           |n aaa      </controlfield>
  <datafield tag="010" ind1=" " ind2=" ">
    <subfield code="a">n  88157102 </subfield>
  </datafield>
  <datafield tag="035" ind1=" " ind2=" ">
    <subfield code="a">(DLC)n  88157102</subfield>
  </datafield>
  <datafield tag="040" ind1=" " ind2=" ">
    <subfield code="a">DLC</subfield>
    <subfield code="b">eng</subfield>
    <subfield code="e">rda</subfield>
    <subfield code="c">DLC</subfield>
    <subfield code="d">DLC</subfield>
  </datafield>
  <datafield tag="100" ind1="1" ind2=" ">
    <subfield code="a">Bildner, Elisa Spungen</subfield>
  </datafield>
  <datafield tag="670" ind1=" " ind2=" ">
    <subfield code="a">Metcalf, S.R. Rights and liabilities of publishers ... c1982- :</subfield>
    <subfield code="b">v. 1, Mar. 1989 t.p. (Elisa Spungen Bildner, asst. prof., Dept. of Journ. &amp; Mass Media, Rutgers Univ., New Brunswick, N.J.; N.J. &amp; N.Y. bars)</subfield>
  </datafield>
  <datafield tag="670" ind1=" " ind2=" ">
    <subfield code="a">The Berkshires farm table cookbook, 2020:</subfield>
    <subfield code="b">about the authors page (Elisa Spungen Bildner is a former lawyer, CEO of a food  manufacturing company, newspaper editor/reporter (Star Ledger, Newark, NJ) and journalism professor (Rutgers  University and New York University). She has written  numerous articles for consumer, trade, and scholarly  publications. She is also a professionally trained chef (School of  Natural Cookery, Boulder, CO) and practicing yoga instructor. Spungen Bildner has chaired the boards of several  national/international nonprofit organizations and currently  sits on a number of boards. Spungen Bildner has a BA  from Yale College, a JD from Columbia University, and an MS in Nutrition from the University of Bridgeport)</subfield>
  </datafield>
</record>