
<record>
  <leader>00566cz  a2200169n  4500</leader>
  <controlfield tag="001">4451266</controlfield>
  <controlfield tag="003">DLC</controlfield>
  <controlfield tag="005">20200102113948.0</controlfield>
  <controlfield tag="008">900726n| azannaabn          |a aaa      </controlfield>
  <datafield tag="010" ind1=" " ind2=" ">
    <subfield code="a">n  90674962 </subfield>
  </datafield>
  <datafield tag="035" ind1=" " ind2=" ">
    <subfield code="a">(OCoLC)oca02788036</subfield>
  </datafield>
  <datafield tag="040" ind1=" " ind2=" ">
    <subfield code="a">DLC</subfield>
    <subfield code="b">eng</subfield>
    <subfield code="e">rda</subfield>
    <subfield code="c">DLC</subfield>
    <subfield code="d">TxHU</subfield>
    <subfield code="d">DLC</subfield>
  </datafield>
  <datafield tag="100" ind1="1" ind2=" ">
    <subfield code="a">Henze, Hans Werner,</subfield>
    <subfield code="d">1926-2012.</subfield>
    <subfield code="t">Cubana</subfield>
  </datafield>
  <datafield tag="400" ind1="1" ind2=" ">
    <subfield code="a">Henze, Hans Werner,</subfield>
    <subfield code="d">1926-2012.</subfield>
    <subfield code="t">Cubana, oder, Ein Leben für die Kunst</subfield>
  </datafield>
  <datafield tag="400" ind1="1" ind2=" ">
    <subfield code="a">Henze, Hans Werner,</subfield>
    <subfield code="d">1926-2012.</subfield>
    <subfield code="t">Leben für die Kunst</subfield>
  </datafield>
  <datafield tag="670" ind1=" " ind2=" ">
    <subfield code="a">His La Cubana, oder, Ein Leben für die Kunst [SR] p1989.</subfield>
  </datafield>
  <datafield tag="953" ind1=" " ind2=" ">
    <subfield code="a">vk06</subfield>
  </datafield>
</record>