
<record>
  <leader>00540cz  a2200169n  4500</leader>
  <controlfield tag="001">4472990</controlfield>
  <controlfield tag="003">DLC</controlfield>
  <controlfield tag="005">20200102125935.0</controlfield>
  <controlfield tag="008">911028n| azannaabn          |n aaa      </controlfield>
  <datafield tag="010" ind1=" " ind2=" ">
    <subfield code="a">n  91109482 </subfield>
  </datafield>
  <datafield tag="035" ind1=" " ind2=" ">
    <subfield code="a">(OCoLC)oca03047769</subfield>
  </datafield>
  <datafield tag="040" ind1=" " ind2=" ">
    <subfield code="a">DLC</subfield>
    <subfield code="b">eng</subfield>
    <subfield code="e">rda</subfield>
    <subfield code="c">DLC</subfield>
    <subfield code="d">PPi-MA</subfield>
    <subfield code="d">DLC</subfield>
  </datafield>
  <datafield tag="046" ind1=" " ind2=" ">
    <subfield code="f">1962-03-11</subfield>
    <subfield code="2">edtf</subfield>
  </datafield>
  <datafield tag="100" ind1="1" ind2=" ">
    <subfield code="a">Smith, Darden</subfield>
  </datafield>
  <datafield tag="670" ind1=" " ind2=" ">
    <subfield code="a">Hewerdine, B. Evidence [SR] p1989:</subfield>
    <subfield code="b">label (Darden Smith)</subfield>
  </datafield>
  <datafield tag="670" ind1=" " ind2=" ">
    <subfield code="a">All music guide WWW site, Jan. 8, 2004</subfield>
    <subfield code="b">(Darden Smith; b. Mar. 11, 1962, Brenham, TX; singer/songwriter)</subfield>
  </datafield>
  <datafield tag="953" ind1=" " ind2=" ">
    <subfield code="a">ns31</subfield>
    <subfield code="b">qr09</subfield>
  </datafield>
</record>