
<record>
  <leader>00899cz  a2200169n  4500</leader>
  <controlfield tag="001">4528337</controlfield>
  <controlfield tag="003">DLC</controlfield>
  <controlfield tag="005">20200102133241.0</controlfield>
  <controlfield tag="008">940630n| azannaabn          |n aaa      </controlfield>
  <datafield tag="010" ind1=" " ind2=" ">
    <subfield code="a">n  94063142 </subfield>
  </datafield>
  <datafield tag="035" ind1=" " ind2=" ">
    <subfield code="a">(Uk)003055901</subfield>
  </datafield>
  <datafield tag="040" ind1=" " ind2=" ">
    <subfield code="a">DLC</subfield>
    <subfield code="b">eng</subfield>
    <subfield code="e">rda</subfield>
    <subfield code="c">DLC</subfield>
    <subfield code="d">DLC</subfield>
    <subfield code="d">Uk</subfield>
    <subfield code="d">DLC</subfield>
  </datafield>
  <datafield tag="046" ind1=" " ind2=" ">
    <subfield code="f">1949-01-28</subfield>
    <subfield code="2">edtf</subfield>
  </datafield>
  <datafield tag="100" ind1="1" ind2=" ">
    <subfield code="a">Summers, Marshall Vian,</subfield>
    <subfield code="d">1949-</subfield>
  </datafield>
  <datafield tag="670" ind1=" " ind2=" ">
    <subfield code="a">His Wisdom from the greater community, c1993- :</subfield>
    <subfield code="b">v. 1, t.p. (Marshall Vian Summers)</subfield>
  </datafield>
  <datafield tag="670" ind1=" " ind2=" ">
    <subfield code="a">The new world, 2019:</subfield>
    <subfield code="b">page 209 (He assumes the title of Messenger for the New Message from God, claiming that, in 1982, at the age of 33, he encountered the Angelic Presence, who guided him to this role)</subfield>
  </datafield>
  <datafield tag="670" ind1=" " ind2=" ">
    <subfield code="a">Wikipedia, viewed Jan. 2, 2020</subfield>
    <subfield code="b">(Marshall Vian Summers (born January 28, 1949) is an American author and spiritual teacher who offers retreats, online broadcasts and events in the United States and abroad; b. Berkeley, California)</subfield>
  </datafield>
</record>