
<record>
  <leader>02598cz  a2200313n  4500</leader>
  <controlfield tag="001">4567459</controlfield>
  <controlfield tag="003">DLC</controlfield>
  <controlfield tag="005">20200102073108.0</controlfield>
  <controlfield tag="008">960808n| azannaabn          |a aaa     c</controlfield>
  <datafield tag="010" ind1=" " ind2=" ">
    <subfield code="a">no 96040072 </subfield>
  </datafield>
  <datafield tag="035" ind1=" " ind2=" ">
    <subfield code="a">(OCoLC)oca04137037</subfield>
  </datafield>
  <datafield tag="040" ind1=" " ind2=" ">
    <subfield code="a">InIU</subfield>
    <subfield code="b">eng</subfield>
    <subfield code="e">rda</subfield>
    <subfield code="c">InIU</subfield>
    <subfield code="d">MnMHCL</subfield>
  </datafield>
  <datafield tag="046" ind1=" " ind2=" ">
    <subfield code="f">1917-10-07</subfield>
    <subfield code="g">2006-03-03</subfield>
    <subfield code="2">edtf</subfield>
  </datafield>
  <datafield tag="100" ind1="1" ind2=" ">
    <subfield code="a">Young, William H.</subfield>
    <subfield code="q">(William Henry),</subfield>
    <subfield code="d">1912-2006</subfield>
  </datafield>
  <datafield tag="370" ind1=" " ind2=" ">
    <subfield code="a">Coraopolis (Pa.)</subfield>
    <subfield code="b">Madison (Wis.)</subfield>
    <subfield code="c">United States</subfield>
    <subfield code="e">Madison (Wis.)</subfield>
    <subfield code="2">naf</subfield>
  </datafield>
  <datafield tag="372" ind1=" " ind2=" ">
    <subfield code="a">Political science</subfield>
    <subfield code="2">lcsh</subfield>
  </datafield>
  <datafield tag="373" ind1=" " ind2=" ">
    <subfield code="a">United States. Adjutant-General&apos;s Office</subfield>
    <subfield code="2">naf</subfield>
  </datafield>
  <datafield tag="373" ind1=" " ind2=" ">
    <subfield code="a">University of Pennsylvania</subfield>
    <subfield code="2">naf</subfield>
    <subfield code="t">1947</subfield>
  </datafield>
  <datafield tag="373" ind1=" " ind2=" ">
    <subfield code="a">University of Wisconsin</subfield>
    <subfield code="2">naf</subfield>
    <subfield code="s">1947</subfield>
    <subfield code="t">1968</subfield>
  </datafield>
  <datafield tag="373" ind1=" " ind2=" ">
    <subfield code="a">University of Wisconsin--Madison</subfield>
    <subfield code="2">naf</subfield>
    <subfield code="s">1968-1983</subfield>
  </datafield>
  <datafield tag="374" ind1=" " ind2=" ">
    <subfield code="a">College teachers</subfield>
    <subfield code="a">Political science teachers</subfield>
    <subfield code="a">Political scientists</subfield>
    <subfield code="a">Authors</subfield>
    <subfield code="2">lcsh</subfield>
  </datafield>
  <datafield tag="375" ind1=" " ind2=" ">
    <subfield code="a">Males</subfield>
    <subfield code="2">lcdgt</subfield>
  </datafield>
  <datafield tag="377" ind1=" " ind2=" ">
    <subfield code="a">eng</subfield>
  </datafield>
  <datafield tag="400" ind1="1" ind2=" ">
    <subfield code="w">nne</subfield>
    <subfield code="a">Young, William H.</subfield>
    <subfield code="q">(William Henry),</subfield>
    <subfield code="d">1912-</subfield>
  </datafield>
  <datafield tag="670" ind1=" " ind2=" ">
    <subfield code="a">Ogg and Ray&apos;s introduction to American government, 1966:</subfield>
    <subfield code="b">t.p. (William H. Young)</subfield>
  </datafield>
  <datafield tag="670" ind1=" " ind2=" ">
    <subfield code="a">LC database, Aug. 2, 1996</subfield>
    <subfield code="b">(hdg.: Young, William Henry, 1912- ; usage: William H. Young)</subfield>
  </datafield>
  <datafield tag="670" ind1=" " ind2=" ">
    <subfield code="a">Cambridge Core (Website), viewed December 29, 2019:</subfield>
    <subfield code="b">PS: Political Science &amp; Politics. Volume 39, Issue 3, July 2006, pp. 556-557 William H. Young (At age 93, William H. Young died at his home in Madison, Wisconsin, on March 3, 2006. His long career was distinguished for contributions not only to political science and to the University of Wisconsin-Madison, on whose faculty he served for 36 years, but also to Wisconsin state government, international educational development, particularly in Asia, and several Madison organizations on whose boards he remained an active member for more than two decades after his academic retirement in 1983 ... Born in Coraopolis, Pennsylvania, on October 7, 1912, Young received his B.A. (1933) and M.A. (1937) from the University of Pittsburgh, and his Ph.D. from the University of Wisconsin (1941). He taught political science at the University of Pennsylvania, before World War II and again in 1946--1947 (as an assistant professor), after serving in the U. S. Army&apos;s Adjutant General&apos;s Office. He returned to Madison as an associate professor of political science in 1947 ... On leave from the University, in 1949--1951 Young was a chief assistant in the state administration of Governor Oscar Rennebohm ...)</subfield>
    <subfield code="u">https://www.cambridge.org/core/journals/ps-political-science-and-politics/article/william-h-young/696D1C025563C1291EA14A890171810B/core-reader</subfield>
  </datafield>
  <datafield tag="953" ind1=" " ind2=" ">
    <subfield code="a">xx00</subfield>
  </datafield>
  <datafield tag="985" ind1=" " ind2=" ">
    <subfield code="c">OCLC</subfield>
    <subfield code="e">LSPC</subfield>
  </datafield>
</record>