
<record>
  <leader>01052cz  a2200253n  4500</leader>
  <controlfield tag="001">5041759</controlfield>
  <controlfield tag="003">DLC</controlfield>
  <controlfield tag="005">20200102172454.0</controlfield>
  <controlfield tag="008">000228n| acannaabn          |a ana      </controlfield>
  <datafield tag="010" ind1=" " ind2=" ">
    <subfield code="a">n  00020448 </subfield>
  </datafield>
  <datafield tag="034" ind1=" " ind2=" ">
    <subfield code="d">E0080500</subfield>
    <subfield code="e">E0080500</subfield>
    <subfield code="f">N0061500</subfield>
    <subfield code="g">N0061500</subfield>
    <subfield code="2">geonames</subfield>
  </datafield>
  <datafield tag="035" ind1=" " ind2=" ">
    <subfield code="a">(OCoLC)oca05163996</subfield>
  </datafield>
  <datafield tag="040" ind1=" " ind2=" ">
    <subfield code="a">DLC</subfield>
    <subfield code="b">eng</subfield>
    <subfield code="c">DLC</subfield>
    <subfield code="d">DLC-S</subfield>
    <subfield code="d">MiEM</subfield>
    <subfield code="d">OCoLC</subfield>
    <subfield code="e">rda</subfield>
    <subfield code="d">DLC</subfield>
  </datafield>
  <datafield tag="043" ind1=" " ind2=" ">
    <subfield code="a">f-nr---</subfield>
  </datafield>
  <datafield tag="151" ind1=" " ind2=" ">
    <subfield code="a">Ebonyi State (Nigeria)</subfield>
  </datafield>
  <datafield tag="451" ind1=" " ind2=" ">
    <subfield code="a">Ebonyi (Nigeria)</subfield>
  </datafield>
  <datafield tag="551" ind1=" " ind2=" ">
    <subfield code="a">Abia State (Nigeria)</subfield>
  </datafield>
  <datafield tag="551" ind1=" " ind2=" ">
    <subfield code="a">Enugu State (Nigeria)</subfield>
  </datafield>
  <datafield tag="670" ind1=" " ind2=" ">
    <subfield code="a">Foreign names information bulletin, Jan. 30, 2000</subfield>
    <subfield code="b">(former name: none; new name: Ebonyi [short form] State--ADM1, 6°15ʹN 8°05ʹE (NI53))</subfield>
  </datafield>
  <datafield tag="670" ind1=" " ind2=" ">
    <subfield code="a">Statesman&apos;s yearbook, 2000:</subfield>
    <subfield code="b">p. 1208 (in 1996, Ebonyi State was created by merging parts of Abia and Enugu, with its headquarters at Abakaliki)</subfield>
  </datafield>
  <datafield tag="675" ind1=" " ind2=" ">
    <subfield code="a">GEOnet, Feb. 28, 2000</subfield>
  </datafield>
  <datafield tag="670" ind1=" " ind2=" ">
    <subfield code="a">GeoNames, algorithmically matched, 2009</subfield>
    <subfield code="b">(adm1; 06°15ʹ00ʺN 008°05ʹ00ʺE). Rechecked 2020, still the same results.</subfield>
  </datafield>
  <datafield tag="781" ind1=" " ind2="0">
    <subfield code="z">Nigeria</subfield>
    <subfield code="z">Ebonyi State</subfield>
  </datafield>
  <datafield tag="953" ind1=" " ind2=" ">
    <subfield code="a">ta30</subfield>
  </datafield>
</record>