
<record>
  <leader>00597cz  a2200157n  4500</leader>
  <controlfield tag="001">5042562</controlfield>
  <controlfield tag="003">DLC</controlfield>
  <controlfield tag="005">20200102170845.0</controlfield>
  <controlfield tag="008">000229n| azannaabn          |a aaa      </controlfield>
  <datafield tag="010" ind1=" " ind2=" ">
    <subfield code="a">n  00002830 </subfield>
  </datafield>
  <datafield tag="040" ind1=" " ind2=" ">
    <subfield code="a">DLC</subfield>
    <subfield code="b">eng</subfield>
    <subfield code="c">DLC</subfield>
    <subfield code="d">DLC</subfield>
    <subfield code="e">rda</subfield>
  </datafield>
  <datafield tag="100" ind1="1" ind2=" ">
    <subfield code="a">Weltman-Aron, Brigitte,</subfield>
    <subfield code="d">1961-</subfield>
  </datafield>
  <datafield tag="400" ind1="1" ind2=" ">
    <subfield code="a">Aron, Brigitte Weltman-,</subfield>
    <subfield code="d">1961-</subfield>
  </datafield>
  <datafield tag="670" ind1=" " ind2=" ">
    <subfield code="a">On other grounds, c2001:</subfield>
    <subfield code="b">CIP t.p. (Brigitte Weltman-Aron) data sheet (b. 11/22/61)</subfield>
  </datafield>
  <datafield tag="670" ind1=" " ind2=" ">
    <subfield code="a">Silence, Implicite et Non-Dit chez Rousseau, 2020:</subfield>
    <subfield code="b">ECIP t.p. (Brigitte Weltman-Araon) data view (professor of French iterature, University of Florida)</subfield>
  </datafield>
  <datafield tag="953" ind1=" " ind2=" ">
    <subfield code="a">jb11</subfield>
  </datafield>
</record>