
<record>
  <leader>00847cz  a2200205n  4500</leader>
  <controlfield tag="001">5169349</controlfield>
  <controlfield tag="003">DLC</controlfield>
  <controlfield tag="005">20200102153647.0</controlfield>
  <controlfield tag="008">000814n| azannaabn          |a aaa      </controlfield>
  <datafield tag="010" ind1=" " ind2=" ">
    <subfield code="a">n  00100696 </subfield>
  </datafield>
  <datafield tag="040" ind1=" " ind2=" ">
    <subfield code="a">DLC</subfield>
    <subfield code="b">eng</subfield>
    <subfield code="e">rda</subfield>
    <subfield code="c">DLC</subfield>
  </datafield>
  <datafield tag="100" ind1="1" ind2=" ">
    <subfield code="a">Cortés Rocha, Xavier</subfield>
  </datafield>
  <datafield tag="370" ind1=" " ind2=" ">
    <subfield code="f">Mexico City (Mexico)</subfield>
    <subfield code="2">naf</subfield>
  </datafield>
  <datafield tag="373" ind1=" " ind2=" ">
    <subfield code="a">Universidad Nacional Autónoma de México. Facultad de Arquitectura</subfield>
    <subfield code="2">naf</subfield>
  </datafield>
  <datafield tag="377" ind1=" " ind2=" ">
    <subfield code="a">spa</subfield>
  </datafield>
  <datafield tag="400" ind1="1" ind2=" ">
    <subfield code="a">Rocha, Xavier Cortés</subfield>
  </datafield>
  <datafield tag="400" ind1="1" ind2=" ">
    <subfield code="a">Cortés, X.</subfield>
    <subfield code="q">(Xavier Cortés Rocha)</subfield>
  </datafield>
  <datafield tag="670" ind1=" " ind2=" ">
    <subfield code="a">Cortés Rocha, Xavier. Visión de la universidad, 1999:</subfield>
    <subfield code="b">t.p. (Xavier Cortés Rocha)</subfield>
  </datafield>
  <datafield tag="670" ind1=" " ind2=" ">
    <subfield code="a">III Congreso Internacional Hispanoamericano de Historia de la Construcción, 2019:</subfield>
    <subfield code="b">v. 1, t.p. (Xavier Cortés Rocha) p. 232 (X. Córtes [sic]) v. 2, p. 1168 (Fac. de Arquitectura, Univ. Nac. Aut. de México)</subfield>
  </datafield>
  <datafield tag="953" ind1=" " ind2=" ">
    <subfield code="a">sj00</subfield>
  </datafield>
</record>