
<record>
  <leader>00916cz  a2200217n  4500</leader>
  <controlfield tag="001">5237020</controlfield>
  <controlfield tag="003">DLC</controlfield>
  <controlfield tag="005">20200102105408.0</controlfield>
  <controlfield tag="008">001110n| azannaabn          |a aaa     c</controlfield>
  <datafield tag="010" ind1=" " ind2=" ">
    <subfield code="a">no 00092385 </subfield>
  </datafield>
  <datafield tag="035" ind1=" " ind2=" ">
    <subfield code="a">(OCoLC)oca05353912</subfield>
  </datafield>
  <datafield tag="040" ind1=" " ind2=" ">
    <subfield code="a">NcU</subfield>
    <subfield code="b">eng</subfield>
    <subfield code="e">rda</subfield>
    <subfield code="c">NcU</subfield>
    <subfield code="d">IEN</subfield>
    <subfield code="d">DLC</subfield>
  </datafield>
  <datafield tag="100" ind1="0" ind2=" ">
    <subfield code="a">Sei Shōnagon,</subfield>
    <subfield code="d">approximately 967-</subfield>
    <subfield code="t">Makura no sōshi.</subfield>
    <subfield code="k">Selections.</subfield>
    <subfield code="l">English</subfield>
  </datafield>
  <datafield tag="377" ind1=" " ind2=" ">
    <subfield code="a">eng</subfield>
  </datafield>
  <datafield tag="400" ind1="0" ind2=" ">
    <subfield code="w">nnea</subfield>
    <subfield code="a">Sei Shōnagon,</subfield>
    <subfield code="d">b. ca. 967.</subfield>
    <subfield code="t">Makura no sōshi.</subfield>
    <subfield code="l">English.</subfield>
    <subfield code="k">Selections</subfield>
  </datafield>
  <datafield tag="400" ind1="0" ind2=" ">
    <subfield code="a">Sei Shōnagon,</subfield>
    <subfield code="d">approximately 967-</subfield>
    <subfield code="t">Pillow-book of Sei Shōnagon</subfield>
  </datafield>
  <datafield tag="400" ind1="0" ind2=" ">
    <subfield code="a">Sei Shōnagon,</subfield>
    <subfield code="d">approximately 967-</subfield>
    <subfield code="t">Sketch book of the Lady Sei Shonagon</subfield>
  </datafield>
  <datafield tag="400" ind1="0" ind2=" ">
    <subfield code="a">Sei Shōnagon,</subfield>
    <subfield code="d">approximately 967-</subfield>
    <subfield code="t">Pillow-book of Sei Shōnagon</subfield>
  </datafield>
  <datafield tag="670" ind1=" " ind2=" ">
    <subfield code="a">The pillow-book of Sei Shōnagon, 1949, c1928:</subfield>
    <subfield code="b">p. 5 note (Makura no sōshi)</subfield>
  </datafield>
  <datafield tag="670" ind1=" " ind2=" ">
    <subfield code="a">The sketch book of the Lady Sei Shōnagon, 1930.</subfield>
  </datafield>
  <datafield tag="670" ind1=" " ind2=" ">
    <subfield code="a">The pillow book, 2019.</subfield>
  </datafield>
</record>