
<record>
  <leader>01315cz  a2200181n  4500</leader>
  <controlfield tag="001">5253884</controlfield>
  <controlfield tag="003">DLC</controlfield>
  <controlfield tag="005">20200102135850.0</controlfield>
  <controlfield tag="008">001206n| azannaabn          |n aaa     c</controlfield>
  <datafield tag="010" ind1=" " ind2=" ">
    <subfield code="a">no 00098826 </subfield>
  </datafield>
  <datafield tag="035" ind1=" " ind2=" ">
    <subfield code="a">(OCoLC)oca05370061</subfield>
  </datafield>
  <datafield tag="040" ind1=" " ind2=" ">
    <subfield code="a">NmU</subfield>
    <subfield code="b">eng</subfield>
    <subfield code="e">rda</subfield>
    <subfield code="c">NmU</subfield>
    <subfield code="d">DLC</subfield>
  </datafield>
  <datafield tag="053" ind1=" " ind2="0">
    <subfield code="a">PS3618.O86314</subfield>
  </datafield>
  <datafield tag="100" ind1="1" ind2=" ">
    <subfield code="a">Roth, Richard</subfield>
    <subfield code="q">(Richard Lee)</subfield>
  </datafield>
  <datafield tag="670" ind1=" " ind2=" ">
    <subfield code="a">Beauty is nowhere, 1998:</subfield>
    <subfield code="b">t.p. (Richard Roth) p. 227 (artist and prof., Dept. of Art, Ohio St. Univ.)</subfield>
  </datafield>
  <datafield tag="670" ind1=" " ind2=" ">
    <subfield code="a">Ohio St. Univ. online site, Dec. 6, 2000:</subfield>
    <subfield code="b">(Roth, Richard Lee)</subfield>
  </datafield>
  <datafield tag="670" ind1=" " ind2=" ">
    <subfield code="a">Nat. fac dir., 2000:</subfield>
    <subfield code="b">(Roth, Richard, Art, OH St.)</subfield>
  </datafield>
  <datafield tag="670" ind1=" " ind2=" ">
    <subfield code="a">Owl Canyon Press website, viewed January 2, 2020</subfield>
    <subfield code="b">(NoLab by Richard Roth; About the author: artist and a writer; co-edited the book, Beauty is Nowhere: Ethical Issues in Art and Design (Routledge); wrote “The Crit,” a one-act play (The Art Journal); and co-authored Color Basics, and Design Basics 3D (Wadsworth/Cengage); a Virginia Commonwealth University Professor Emeritus; taught at The Ohio State University; the Birmingham Institute of Art and Design, U.K.; the University of California, Berkeley; New York University; and the School of the Art Institute of Chicago; born in Brooklyn; presently lives and works in Southern California)</subfield>
    <subfield code="u">https://www.owlcanyonpress.com/product-page/nolab-by-richard-roth</subfield>
  </datafield>
</record>