
<record>
  <leader>01073cz  a2200265n  4500</leader>
  <controlfield tag="001">5383745</controlfield>
  <controlfield tag="003">DLC</controlfield>
  <controlfield tag="005">20200102051715.0</controlfield>
  <controlfield tag="008">010525n| azannaabn          |a aaa      </controlfield>
  <datafield tag="010" ind1=" " ind2=" ">
    <subfield code="a">no2001042281</subfield>
  </datafield>
  <datafield tag="035" ind1=" " ind2=" ">
    <subfield code="a">(OCoLC)oca05496027</subfield>
  </datafield>
  <datafield tag="040" ind1=" " ind2=" ">
    <subfield code="a">DLC-ON</subfield>
    <subfield code="b">eng</subfield>
    <subfield code="e">rda</subfield>
    <subfield code="c">DLC-ON</subfield>
    <subfield code="d">DLC</subfield>
  </datafield>
  <datafield tag="046" ind1=" " ind2=" ">
    <subfield code="f">1962-01-01</subfield>
    <subfield code="2">edtf</subfield>
  </datafield>
  <datafield tag="100" ind1="1" ind2=" ">
    <subfield code="a">Ārvīkara, Sañjaya</subfield>
  </datafield>
  <datafield tag="370" ind1=" " ind2=" ">
    <subfield code="a">Nāgpur (India)</subfield>
    <subfield code="2">naf</subfield>
  </datafield>
  <datafield tag="371" ind1=" " ind2=" ">
    <subfield code="m">arvikarsanjay@gmail.com</subfield>
  </datafield>
  <datafield tag="372" ind1=" " ind2=" ">
    <subfield code="a">Marathi literature</subfield>
    <subfield code="2">lcsh</subfield>
  </datafield>
  <datafield tag="374" ind1=" " ind2=" ">
    <subfield code="a">Authors</subfield>
    <subfield code="2">lcsh</subfield>
  </datafield>
  <datafield tag="375" ind1=" " ind2=" ">
    <subfield code="a">Males</subfield>
    <subfield code="2">lcdgt</subfield>
  </datafield>
  <datafield tag="377" ind1=" " ind2=" ">
    <subfield code="a">mar</subfield>
  </datafield>
  <datafield tag="400" ind1="0" ind2=" ">
    <subfield code="a">Sañjaya Ārvīkara</subfield>
  </datafield>
  <datafield tag="400" ind1="0" ind2=" ">
    <subfield code="a">Sanjay Arvikar</subfield>
  </datafield>
  <datafield tag="400" ind1="1" ind2=" ">
    <subfield code="a">Arvikar, Sanjay</subfield>
  </datafield>
  <datafield tag="670" ind1=" " ind2=" ">
    <subfield code="a">Śodha Elakuñcavārāñcyā nāṭyakr̥tīñcā, 2001:</subfield>
    <subfield code="b">t.p. (Sañjaya Ārvīkara) t.p. verso (Sanjay Arvikar)</subfield>
  </datafield>
  <datafield tag="670" ind1=" " ind2=" ">
    <subfield code="a">Pratisr̥shṭī, Julai 2019:</subfield>
    <subfield code="b">title page (Sañjaya Ārvīkara) preface (email: arvikarsanjay@gmail.com) back jacket folded flap (born January 01, 1962, Nāgpur; B.A. (philosophy, Marathi literature), B.A. (English literature), L.L.B., post-graduation in journalism; Marathi author)</subfield>
  </datafield>
</record>