
<record>
  <leader>01080cz  a2200253n  4500</leader>
  <controlfield tag="001">5408196</controlfield>
  <controlfield tag="003">DLC</controlfield>
  <controlfield tag="005">20200102234659.0</controlfield>
  <controlfield tag="008">010628n| azannaabn          |a aaa      </controlfield>
  <datafield tag="010" ind1=" " ind2=" ">
    <subfield code="a">no2001050604</subfield>
  </datafield>
  <datafield tag="035" ind1=" " ind2=" ">
    <subfield code="a">(OCoLC)oca05520197</subfield>
  </datafield>
  <datafield tag="040" ind1=" " ind2=" ">
    <subfield code="a">DLC-ON</subfield>
    <subfield code="b">eng</subfield>
    <subfield code="e">rda</subfield>
    <subfield code="c">DLC-ON</subfield>
    <subfield code="d">OCoLC</subfield>
    <subfield code="d">DLC</subfield>
  </datafield>
  <datafield tag="046" ind1=" " ind2=" ">
    <subfield code="f">1956</subfield>
    <subfield code="2">edtf</subfield>
  </datafield>
  <datafield tag="100" ind1="1" ind2=" ">
    <subfield code="a">Tarāra, Śakuntalā</subfield>
  </datafield>
  <datafield tag="370" ind1=" " ind2=" ">
    <subfield code="a">Kondagaon (India)</subfield>
    <subfield code="2">naf</subfield>
  </datafield>
  <datafield tag="372" ind1=" " ind2=" ">
    <subfield code="a">Hindi literature</subfield>
    <subfield code="a">Chattisgarhi literature</subfield>
    <subfield code="a">Journalism</subfield>
    <subfield code="2">lcsh</subfield>
  </datafield>
  <datafield tag="374" ind1=" " ind2=" ">
    <subfield code="a">Poets</subfield>
    <subfield code="2">lcsh</subfield>
  </datafield>
  <datafield tag="374" ind1=" " ind2=" ">
    <subfield code="a">Journalists</subfield>
    <subfield code="2">lcdgt</subfield>
  </datafield>
  <datafield tag="375" ind1=" " ind2=" ">
    <subfield code="a">Females</subfield>
  </datafield>
  <datafield tag="377" ind1=" " ind2=" ">
    <subfield code="a">inc</subfield>
    <subfield code="a">hin</subfield>
  </datafield>
  <datafield tag="400" ind1="0" ind2=" ">
    <subfield code="a">Śakuntalā, Tarāra</subfield>
  </datafield>
  <datafield tag="400" ind1="1" ind2=" ">
    <subfield code="a">Tarar, Shakuntala</subfield>
  </datafield>
  <datafield tag="670" ind1=" " ind2=" ">
    <subfield code="a">Bana kainā, 2000:</subfield>
    <subfield code="b">t.p. (Śakuntalā Tarāra) cover, p. 4 (Śrīmatī Śakuntalā Tarāra; M.A. (pol. sc.), LL.B., journalism; organizer, Chattisgarhi Lit. Council, works for Hindi Lit. Mandal and Chattisgarhi Lit. Committee)</subfield>
  </datafield>
  <datafield tag="670" ind1=" " ind2=" ">
    <subfield code="a">Rān̐ḍī māya lekā poraṭa, 2018:</subfield>
    <subfield code="b">t.p. (Śakuntalā Tarāra) t.p. verso (Shakuntala Tarar) back cover (poet and journalist; born 1956, Kondagaon, Bastar, Chhattisgarh)</subfield>
  </datafield>
</record>