
<record>
  <leader>00887cz  a2200241n  4500</leader>
  <controlfield tag="001">5666701</controlfield>
  <controlfield tag="003">DLC</controlfield>
  <controlfield tag="005">20200102100339.0</controlfield>
  <controlfield tag="008">020531n| azannaabn          |n aaa      </controlfield>
  <datafield tag="010" ind1=" " ind2=" ">
    <subfield code="a">no2002047352</subfield>
  </datafield>
  <datafield tag="035" ind1=" " ind2=" ">
    <subfield code="a">(OCoLC)oca05775701</subfield>
  </datafield>
  <datafield tag="040" ind1=" " ind2=" ">
    <subfield code="a">DLC-OB</subfield>
    <subfield code="b">eng</subfield>
    <subfield code="e">rda</subfield>
    <subfield code="c">DLC-OB</subfield>
    <subfield code="d">CLU</subfield>
    <subfield code="d">PU</subfield>
    <subfield code="d">IEN</subfield>
    <subfield code="d">UPB</subfield>
    <subfield code="d">DLC</subfield>
  </datafield>
  <datafield tag="046" ind1=" " ind2=" ">
    <subfield code="f">1967</subfield>
    <subfield code="2">edtf</subfield>
  </datafield>
  <datafield tag="053" ind1=" " ind2="0">
    <subfield code="a">PQ9698.435.A93</subfield>
  </datafield>
  <datafield tag="100" ind1="1" ind2=" ">
    <subfield code="a">Yazbek, Samir</subfield>
  </datafield>
  <datafield tag="370" ind1=" " ind2=" ">
    <subfield code="a">São Paulo (Brazil)</subfield>
    <subfield code="2">naf</subfield>
  </datafield>
  <datafield tag="372" ind1=" " ind2=" ">
    <subfield code="a">Playwriting</subfield>
    <subfield code="a">Theater--Production and direction</subfield>
    <subfield code="2">lcsh</subfield>
  </datafield>
  <datafield tag="374" ind1=" " ind2=" ">
    <subfield code="a">Dramatists</subfield>
    <subfield code="a">Theatrical producers and directors</subfield>
    <subfield code="2">lcsh</subfield>
  </datafield>
  <datafield tag="375" ind1=" " ind2=" ">
    <subfield code="a">Males</subfield>
    <subfield code="2">lcdgt</subfield>
  </datafield>
  <datafield tag="377" ind1=" " ind2=" ">
    <subfield code="a">por</subfield>
  </datafield>
  <datafield tag="670" ind1=" " ind2=" ">
    <subfield code="a">Uma cena brasileira, 2001:</subfield>
    <subfield code="b">t.p. (Samir Yazbek) back flap (b. in São Paulo; playwright)</subfield>
  </datafield>
  <datafield tag="670" ind1=" " ind2=" ">
    <subfield code="a">As folhas do cedro, c2011:</subfield>
    <subfield code="b">t.p. (Samir Yazbek) back flap (playwright and director)</subfield>
  </datafield>
  <datafield tag="670" ind1=" " ind2=" ">
    <subfield code="a">Teatropedia WWW site, April 23, 2014</subfield>
    <subfield code="b">(Samir Yazbek, São Paulo/SP, 1967)</subfield>
  </datafield>
</record>