
<record>
  <leader>00780cz  a2200181n  4500</leader>
  <controlfield tag="001">5681493</controlfield>
  <controlfield tag="003">DLC</controlfield>
  <controlfield tag="005">20200102112437.0</controlfield>
  <controlfield tag="008">020108n| azannaabn          |a aaa     c</controlfield>
  <datafield tag="010" ind1=" " ind2=" ">
    <subfield code="a">nr2002000903</subfield>
  </datafield>
  <datafield tag="035" ind1=" " ind2=" ">
    <subfield code="a">(DLC)nr2002000903</subfield>
  </datafield>
  <datafield tag="040" ind1=" " ind2=" ">
    <subfield code="a">MWA</subfield>
    <subfield code="b">eng</subfield>
    <subfield code="e">rda</subfield>
    <subfield code="c">CtWfDGI</subfield>
    <subfield code="d">DLC</subfield>
  </datafield>
  <datafield tag="046" ind1=" " ind2=" ">
    <subfield code="f">1787</subfield>
    <subfield code="g">1868</subfield>
    <subfield code="2">edtf</subfield>
  </datafield>
  <datafield tag="100" ind1="1" ind2=" ">
    <subfield code="a">Thurston, Asa,</subfield>
    <subfield code="d">1787-1868</subfield>
  </datafield>
  <datafield tag="400" ind1="1" ind2=" ">
    <subfield code="a">Thurston, A.</subfield>
    <subfield code="q">(Asa),</subfield>
    <subfield code="d">1787-1868</subfield>
  </datafield>
  <datafield tag="670" ind1=" " ind2=" ">
    <subfield code="a">Sandwich Islands Mission. Sandwich Islands, October 3, 1826, 1826:</subfield>
    <subfield code="b">p. 3 (A. Thurston)</subfield>
  </datafield>
  <datafield tag="670" ind1=" " ind2=" ">
    <subfield code="a">Appleton&apos;s cyclopaedia of Amer. biog., 1888</subfield>
    <subfield code="b">(Thurston, Asa; missionary; b. Oct. 12, 1787; pioneer among missionaries to Sandwich Islands; trans. large part of bible to Hawaiian language)</subfield>
  </datafield>
  <datafield tag="670" ind1=" " ind2=" ">
    <subfield code="a">MWA/NAIP files</subfield>
    <subfield code="b">(hdg.: Thurston, Asa, 1787-1868; usage: Asa Thurston; A. Thurston)</subfield>
  </datafield>
</record>