
<record>
  <leader>00591cz  a2200169n  4500</leader>
  <controlfield tag="001">5762681</controlfield>
  <controlfield tag="003">DLC</controlfield>
  <controlfield tag="005">20200102150151.0</controlfield>
  <controlfield tag="008">020923n| azannaabn          |n aaa     c</controlfield>
  <datafield tag="010" ind1=" " ind2=" ">
    <subfield code="a">no2002086841</subfield>
  </datafield>
  <datafield tag="035" ind1=" " ind2=" ">
    <subfield code="a">(OCoLC)oca05870574</subfield>
  </datafield>
  <datafield tag="040" ind1=" " ind2=" ">
    <subfield code="a">NBuU</subfield>
    <subfield code="b">eng</subfield>
    <subfield code="c">NBuU</subfield>
    <subfield code="e">rda</subfield>
    <subfield code="d">OCoLC</subfield>
    <subfield code="d">DLC</subfield>
  </datafield>
  <datafield tag="046" ind1=" " ind2=" ">
    <subfield code="f">1965</subfield>
    <subfield code="2">edtf</subfield>
  </datafield>
  <datafield tag="053" ind1=" " ind2="0">
    <subfield code="a">PS3554.O8213</subfield>
  </datafield>
  <datafield tag="100" ind1="1" ind2=" ">
    <subfield code="a">Dougherty, Sean Thomas</subfield>
  </datafield>
  <datafield tag="670" ind1=" " ind2=" ">
    <subfield code="a">Except by falling, c2000:</subfield>
    <subfield code="b">t.p. (Sean Thomas Dougherty) p. 81 (poet; awarded Delmore Schwartz Poetry Prize at Syracuse University)</subfield>
  </datafield>
  <datafield tag="670" ind1=" " ind2=" ">
    <subfield code="a">The blue city, c2007:</subfield>
    <subfield code="b">t.p. (Sean Thomas Dougherty) p. 4 of cover (b. 1965)</subfield>
  </datafield>
</record>