
<record>
  <leader>00567cz  a2200169n  4500</leader>
  <controlfield tag="001">5799650</controlfield>
  <controlfield tag="003">DLC</controlfield>
  <controlfield tag="005">20200102164405.0</controlfield>
  <controlfield tag="008">021107n| azannaabn          |n aaa      </controlfield>
  <datafield tag="010" ind1=" " ind2=" ">
    <subfield code="a">n 2002022455</subfield>
  </datafield>
  <datafield tag="040" ind1=" " ind2=" ">
    <subfield code="a">DLC</subfield>
    <subfield code="b">eng</subfield>
    <subfield code="c">DLC</subfield>
    <subfield code="d">DLC</subfield>
    <subfield code="e">rda</subfield>
  </datafield>
  <datafield tag="053" ind1=" " ind2="0">
    <subfield code="a">PS3553.L46</subfield>
  </datafield>
  <datafield tag="100" ind1="1" ind2=" ">
    <subfield code="a">Clifton, Mark,</subfield>
    <subfield code="d">1906-1963</subfield>
  </datafield>
  <datafield tag="667" ind1=" " ind2=" ">
    <subfield code="a">Formerly on undifferentiated name authority record n  80040138</subfield>
  </datafield>
  <datafield tag="670" ind1=" " ind2=" ">
    <subfield code="a">His They&apos;d rather be right, 1957:</subfield>
    <subfield code="b">t.p. (Mark Clifton)</subfield>
  </datafield>
  <datafield tag="670" ind1=" " ind2=" ">
    <subfield code="a">Contemp. authors online, Nov. 7, 2002</subfield>
    <subfield code="b">(Mark (Irvin) Clifton, 1906-1963;  businessman and author)</subfield>
  </datafield>
  <datafield tag="953" ind1=" " ind2=" ">
    <subfield code="a">ta03</subfield>
  </datafield>
</record>