
<record>
  <leader>01384cz  a2200253n  4500</leader>
  <controlfield tag="001">6164595</controlfield>
  <controlfield tag="003">DLC</controlfield>
  <controlfield tag="005">20200102015958.0</controlfield>
  <controlfield tag="008">040205n| azannaabn          |a aaa     c</controlfield>
  <datafield tag="010" ind1=" " ind2=" ">
    <subfield code="a">no2004010940</subfield>
  </datafield>
  <datafield tag="035" ind1=" " ind2=" ">
    <subfield code="a">(OCoLC)oca06264313</subfield>
  </datafield>
  <datafield tag="040" ind1=" " ind2=" ">
    <subfield code="a">NIC</subfield>
    <subfield code="b">eng</subfield>
    <subfield code="e">rda</subfield>
    <subfield code="c">NIC</subfield>
    <subfield code="d">DLC</subfield>
    <subfield code="d">SG-SiILA</subfield>
    <subfield code="d">IEN</subfield>
    <subfield code="d">DLC</subfield>
  </datafield>
  <datafield tag="046" ind1=" " ind2=" ">
    <subfield code="f">1953-12-15</subfield>
    <subfield code="2">edtf</subfield>
  </datafield>
  <datafield tag="100" ind1="1" ind2=" ">
    <subfield code="a">Goh, Peter Augustine,</subfield>
    <subfield code="d">1953-</subfield>
  </datafield>
  <datafield tag="370" ind1=" " ind2=" ">
    <subfield code="c">Malaysia</subfield>
    <subfield code="c">Singapore</subfield>
    <subfield code="2">naf</subfield>
  </datafield>
  <datafield tag="372" ind1=" " ind2=" ">
    <subfield code="a">Translating services</subfield>
    <subfield code="a">Authorship</subfield>
    <subfield code="a">Creative writing</subfield>
    <subfield code="2">lcsh</subfield>
  </datafield>
  <datafield tag="374" ind1=" " ind2=" ">
    <subfield code="a">Translators</subfield>
    <subfield code="a">Authors</subfield>
    <subfield code="2">lcsh</subfield>
  </datafield>
  <datafield tag="375" ind1=" " ind2=" ">
    <subfield code="a">male</subfield>
  </datafield>
  <datafield tag="377" ind1=" " ind2=" ">
    <subfield code="a">may</subfield>
  </datafield>
  <datafield tag="400" ind1="1" ind2=" ">
    <subfield code="a">Goh, Mey Teck,</subfield>
    <subfield code="d">1953-</subfield>
  </datafield>
  <datafield tag="400" ind1="1" ind2=" ">
    <subfield code="a">Goh, Iskandar,</subfield>
    <subfield code="d">1953-</subfield>
  </datafield>
  <datafield tag="400" ind1="1" ind2=" ">
    <subfield code="a">Teck, Goh Mey,</subfield>
    <subfield code="d">1953-</subfield>
  </datafield>
  <datafield tag="670" ind1=" " ind2=" ">
    <subfield code="a">Terlepas dari lorong seruling bambu, 1978:</subfield>
    <subfield code="b">t.p. (Peter Augustine Goh) p. 3 (real name, Goh Mey Teck; pen name, Peter Augustine Goh; b. Dec. 15, 1953)</subfield>
  </datafield>
  <datafield tag="678" ind1="0" ind2=" ">
    <subfield code="a">Mey Goh Teck (Iskandar Goh), better known as Peter Augustine Goh was born in Malacca in 1953. Receive education in Malaysia but completed his  GCE A-level in Singapore in 1978. Currently he works as a translator. He began writing in early 1975. He writes on a variety of literary genres of short stories, poetry, novels children and adolescents, adult novels, radio and TV drama, essay reviews, essays and literary criticism. For more information on this person, go to</subfield>
    <subfield code="u">http://eresources.nlb.gov.sg/infopedia/articles/SIP_1313_2007-11-28.html</subfield>
  </datafield>
</record>