
<record>
  <leader>00433cz  a2200145n  4500</leader>
  <controlfield tag="001">6294635</controlfield>
  <controlfield tag="003">DLC</controlfield>
  <controlfield tag="005">20200102144710.0</controlfield>
  <controlfield tag="008">040715n| azannaabn          |a aaa      </controlfield>
  <datafield tag="010" ind1=" " ind2=" ">
    <subfield code="a">n 2004031355</subfield>
  </datafield>
  <datafield tag="040" ind1=" " ind2=" ">
    <subfield code="a">DLC</subfield>
    <subfield code="b">eng</subfield>
    <subfield code="e">rda</subfield>
    <subfield code="c">DLC</subfield>
    <subfield code="d">DLC</subfield>
  </datafield>
  <datafield tag="100" ind1="1" ind2=" ">
    <subfield code="a">Molnár, Ferenc A.</subfield>
  </datafield>
  <datafield tag="400" ind1="1" ind2=" ">
    <subfield code="a">A. Molnár, Ferenc</subfield>
  </datafield>
  <datafield tag="670" ind1=" " ind2=" ">
    <subfield code="a">Molnár, Ferenc A. Két régi magyar ima az oltáriszentségről, 2000:</subfield>
    <subfield code="b">t.p. (A. Molnár Ferenc)</subfield>
  </datafield>
  <datafield tag="953" ind1=" " ind2=" ">
    <subfield code="a">ld14</subfield>
    <subfield code="b">fc11</subfield>
  </datafield>
</record>