
<record>
  <leader>00865cz  a2200205n  4500</leader>
  <controlfield tag="001">6325759</controlfield>
  <controlfield tag="003">DLC</controlfield>
  <controlfield tag="005">20200102165839.0</controlfield>
  <controlfield tag="008">040820n| azannaabn          |a aaa     c</controlfield>
  <datafield tag="010" ind1=" " ind2=" ">
    <subfield code="a">no2004080364</subfield>
  </datafield>
  <datafield tag="035" ind1=" " ind2=" ">
    <subfield code="a">(OCoLC)oca06423159</subfield>
  </datafield>
  <datafield tag="040" ind1=" " ind2=" ">
    <subfield code="a">FU</subfield>
    <subfield code="b">eng</subfield>
    <subfield code="e">rda</subfield>
    <subfield code="c">FU</subfield>
    <subfield code="d">DLC</subfield>
  </datafield>
  <datafield tag="100" ind1="1" ind2=" ">
    <subfield code="a">González Gottdiener, Isaura</subfield>
  </datafield>
  <datafield tag="370" ind1=" " ind2=" ">
    <subfield code="f">Mexico City (Mexico)</subfield>
    <subfield code="2">naf</subfield>
  </datafield>
  <datafield tag="373" ind1=" " ind2=" ">
    <subfield code="a">Universidad Nacional Autónoma de México. Facultad de Arquitectura</subfield>
    <subfield code="2">naf</subfield>
  </datafield>
  <datafield tag="377" ind1=" " ind2=" ">
    <subfield code="a">spa</subfield>
  </datafield>
  <datafield tag="400" ind1="1" ind2=" ">
    <subfield code="a">Gottdiener, Isaura González</subfield>
  </datafield>
  <datafield tag="400" ind1="1" ind2=" ">
    <subfield code="a">González, I.</subfield>
    <subfield code="q">(Isaura González Gottdiener)</subfield>
  </datafield>
  <datafield tag="670" ind1=" " ind2=" ">
    <subfield code="a">Torre Mayor, 2003:</subfield>
    <subfield code="b">verso t.p. (Isaura González Gottdiener)</subfield>
  </datafield>
  <datafield tag="670" ind1=" " ind2=" ">
    <subfield code="a">III Congreso Internacional Hispanoamericano de Historia de la Construcción, 2019:</subfield>
    <subfield code="b">v. I, t.p. (Isaura González Gottdiener) p. 440 (I. González) v. II, p. 1168 (Fac. de Arquitectura, Univ. Nac. Aut. de México)</subfield>
  </datafield>
</record>