
<record>
  <leader>01055cz  a2200217n  4500</leader>
  <controlfield tag="001">6363420</controlfield>
  <controlfield tag="003">DLC</controlfield>
  <controlfield tag="005">20200102113001.0</controlfield>
  <controlfield tag="008">041006n| azannaabn          |b aaa      </controlfield>
  <datafield tag="010" ind1=" " ind2=" ">
    <subfield code="a">n 2004112793</subfield>
  </datafield>
  <datafield tag="040" ind1=" " ind2=" ">
    <subfield code="a">DLC</subfield>
    <subfield code="b">eng</subfield>
    <subfield code="c">DLC</subfield>
    <subfield code="e">rda</subfield>
    <subfield code="d">DLC</subfield>
  </datafield>
  <datafield tag="100" ind1="1" ind2=" ">
    <subfield code="a">Shtefan, L. A.</subfield>
    <subfield code="q">(Li︠u︡dmyla Andriïvna)</subfield>
  </datafield>
  <datafield tag="375" ind1=" " ind2=" ">
    <subfield code="a">female</subfield>
  </datafield>
  <datafield tag="377" ind1=" " ind2=" ">
    <subfield code="a">ukr</subfield>
  </datafield>
  <datafield tag="378" ind1=" " ind2=" ">
    <subfield code="q">Li︠u︡dmyla Andriïvna</subfield>
  </datafield>
  <datafield tag="400" ind1="1" ind2=" ">
    <subfield code="a">Shtefan, Li︠u︡dmyla Andriïvna</subfield>
  </datafield>
  <datafield tag="400" ind1="1" ind2=" ">
    <subfield code="a">Штефан, Л. А.</subfield>
    <subfield code="q">(Людмила Андріївна)</subfield>
  </datafield>
  <datafield tag="400" ind1="1" ind2=" ">
    <subfield code="a">Штефан, Людмила Андріївна</subfield>
  </datafield>
  <datafield tag="670" ind1=" " ind2=" ">
    <subfield code="a">Shtefan, L. A. Sot︠s︡ialʹno-pedahohichna teorii︠a︡ ta praktyka v Ukraïni (20-90-ti rr. XX st.), 2002:</subfield>
    <subfield code="b">t.p. (L.A. Shtefan) colophon (Li︠u︡dmyla Andriïvna Shtefan)</subfield>
  </datafield>
  <datafield tag="670" ind1=" " ind2=" ">
    <subfield code="a">Orhanizat︠s︡ii︠a︡ sot︠s︡ialʹno-pedahohichnoï dii︠a︡lʹnosti z obdarovanymy ditʹmy v Ukraïni, 2013:</subfield>
    <subfield code="b">title page (Л.А. Штефан = L.A. Shtefan) colophon (Штефан Людмила Андріївна = Shtefan Li︠u︡dmyla Andriïvna)</subfield>
  </datafield>
  <datafield tag="953" ind1=" " ind2=" ">
    <subfield code="a">sd13</subfield>
    <subfield code="b">fc04</subfield>
  </datafield>
</record>