
<record>
  <leader>00358cz  a2200133n  4500</leader>
  <controlfield tag="001">6561993</controlfield>
  <controlfield tag="003">DLC</controlfield>
  <controlfield tag="005">20200102111234.0</controlfield>
  <controlfield tag="008">050614n| azannaabn          |n aaa      </controlfield>
  <datafield tag="010" ind1=" " ind2=" ">
    <subfield code="a">n 2005043796</subfield>
  </datafield>
  <datafield tag="040" ind1=" " ind2=" ">
    <subfield code="a">DLC</subfield>
    <subfield code="b">eng</subfield>
    <subfield code="e">rda</subfield>
    <subfield code="c">DLC</subfield>
    <subfield code="d">DLC</subfield>
  </datafield>
  <datafield tag="100" ind1="1" ind2=" ">
    <subfield code="a">Gade, Niels W.</subfield>
    <subfield code="q">(Niels Wilhelm),</subfield>
    <subfield code="d">1817-1890.</subfield>
    <subfield code="t">Piano music</subfield>
  </datafield>
  <datafield tag="670" ind1=" " ind2=" ">
    <subfield code="a">Gade, Niels W. Piano works, p1991</subfield>
  </datafield>
  <datafield tag="953" ind1=" " ind2=" ">
    <subfield code="a">vn79</subfield>
  </datafield>
</record>