
<record>
  <leader>02359cz  a2200289n  4500</leader>
  <controlfield tag="001">6631438</controlfield>
  <controlfield tag="003">DLC</controlfield>
  <controlfield tag="005">20200102073108.0</controlfield>
  <controlfield tag="008">050905n| azannaabn          |a aaa     c</controlfield>
  <datafield tag="010" ind1=" " ind2=" ">
    <subfield code="a">no2005082456</subfield>
  </datafield>
  <datafield tag="035" ind1=" " ind2=" ">
    <subfield code="a">(OCoLC)oca06724849</subfield>
  </datafield>
  <datafield tag="040" ind1=" " ind2=" ">
    <subfield code="a">SaPrUSA</subfield>
    <subfield code="b">eng</subfield>
    <subfield code="e">rda</subfield>
    <subfield code="c">SaPrUSA</subfield>
    <subfield code="d">OCUCA</subfield>
    <subfield code="d">MnMHCL</subfield>
  </datafield>
  <datafield tag="046" ind1=" " ind2=" ">
    <subfield code="f">1914-01-15</subfield>
    <subfield code="g">1990-07-23</subfield>
    <subfield code="2">edtf</subfield>
  </datafield>
  <datafield tag="100" ind1="1" ind2=" ">
    <subfield code="a">Young, Dallas M.,</subfield>
    <subfield code="d">1914-1990</subfield>
  </datafield>
  <datafield tag="370" ind1=" " ind2=" ">
    <subfield code="a">Christopher (Ill.)</subfield>
    <subfield code="b">Cleveland (Ohio)</subfield>
    <subfield code="c">United States</subfield>
    <subfield code="e">Cleveland (Ohio)</subfield>
    <subfield code="2">naf</subfield>
  </datafield>
  <datafield tag="372" ind1=" " ind2=" ">
    <subfield code="a">Industrial relations</subfield>
    <subfield code="2">lcsh</subfield>
  </datafield>
  <datafield tag="373" ind1=" " ind2=" ">
    <subfield code="a">United States. National War Labor Board (1942-1945)</subfield>
    <subfield code="2">naf</subfield>
  </datafield>
  <datafield tag="373" ind1=" " ind2=" ">
    <subfield code="a">Western Reserve University</subfield>
    <subfield code="2">naf</subfield>
    <subfield code="s">1948</subfield>
    <subfield code="t">1967</subfield>
  </datafield>
  <datafield tag="373" ind1=" " ind2=" ">
    <subfield code="a">Case Western Reserve University</subfield>
    <subfield code="2">naf</subfield>
    <subfield code="s">1967</subfield>
    <subfield code="t">1984</subfield>
  </datafield>
  <datafield tag="374" ind1=" " ind2=" ">
    <subfield code="a">Authors</subfield>
    <subfield code="a">College teachers</subfield>
    <subfield code="2">lcsh</subfield>
  </datafield>
  <datafield tag="375" ind1=" " ind2=" ">
    <subfield code="a">Males</subfield>
    <subfield code="2">lcdgt</subfield>
  </datafield>
  <datafield tag="377" ind1=" " ind2=" ">
    <subfield code="a">eng</subfield>
  </datafield>
  <datafield tag="400" ind1="1" ind2=" ">
    <subfield code="w">nne</subfield>
    <subfield code="a">Young, Dallas M.,</subfield>
    <subfield code="d">1914-</subfield>
  </datafield>
  <datafield tag="670" ind1=" " ind2=" ">
    <subfield code="a">Understanding labor problems, 1959:</subfield>
    <subfield code="b">t.p. (Dallas M. Young) preface, page x (Dallas M. Young, Western Reserve University, Cleveland, Ohio)</subfield>
  </datafield>
  <datafield tag="670" ind1=" " ind2=" ">
    <subfield code="a">OCLC, Sept. 5, 2005</subfield>
    <subfield code="b">(hdg.: Young, Dallas M., 1914-; usage: Dallas M. Young</subfield>
  </datafield>
  <datafield tag="670" ind1=" " ind2=" ">
    <subfield code="a">Case Western Reserve University, Encyclopedia of Cleveland History (Website), viewed January 1, 2020:</subfield>
    <subfield code="b">Dallas M Young ( (YOUNG, DALLAS M. (15 Jan. 1914-23 July 1990) professor of labor relations and a national figure in the field, was born in Christopher, Illinois ... He graduated from Southern Illinois Teachers College in 1936 with a B. Ed. degree and attended the University of Illinois, receiving an A.M. in 1936 and a Ph.D. in 1941. During World War II, Young was an industrial relations analyst for the National War Labor Board 1941-45. Appointed to the Regional Wage Stabilization Board in 1951, he mediated wage disputes in Ohio and Kentucky during the Korean War. From 1948 to 1984 Young was a professor of economics and labor relations at Western Reserve University where he became a widely-known expert on urban transportation and the use of arbitration to resolve labor disputes ... He died at his Cleveland residence ...)</subfield>
    <subfield code="u">https://case.edu/ech/articles/y/young-dallas-m</subfield>
  </datafield>
  <datafield tag="670" ind1=" " ind2=" ">
    <subfield code="a">Find a Grave (Website), viewed January 1, 2020:</subfield>
    <subfield code="b">Dallas M Young (birth: 15 Jan 1914, Christopher, Franklin County, Illinois, USA; death: 23 Jul 1990 (aged 76), Cleveland, Cuyahoga County, Ohio, USA ...)</subfield>
    <subfield code="u">https://www.findagrave.com/memorial/173504082/dallas-m-young</subfield>
  </datafield>
</record>