
<record>
  <leader>00792cz  a2200145n  4500</leader>
  <controlfield tag="001">6715012</controlfield>
  <controlfield tag="003">DLC</controlfield>
  <controlfield tag="005">20200102090318.0</controlfield>
  <controlfield tag="008">051215n| acannaabn          |n aaa      </controlfield>
  <datafield tag="010" ind1=" " ind2=" ">
    <subfield code="a">n 2005090833</subfield>
  </datafield>
  <datafield tag="040" ind1=" " ind2=" ">
    <subfield code="a">DLC</subfield>
    <subfield code="b">eng</subfield>
    <subfield code="c">DLC</subfield>
    <subfield code="d">DLC</subfield>
  </datafield>
  <datafield tag="100" ind1="1" ind2=" ">
    <subfield code="a">Kosch, Michelle</subfield>
  </datafield>
  <datafield tag="373" ind1=" " ind2=" ">
    <subfield code="a">Cornell University</subfield>
    <subfield code="2">lcnaf</subfield>
  </datafield>
  <datafield tag="670" ind1=" " ind2=" ">
    <subfield code="a">Kosch, Michelle. Freedom and reason in Kant, Schelling, and Kierkegaard, 2006:</subfield>
    <subfield code="b">ECIP t.p. (Michelle Kosch)</subfield>
  </datafield>
  <datafield tag="670" ind1=" " ind2=" ">
    <subfield code="a">Fichte&apos;s ethics, 2018:</subfield>
    <subfield code="b">title page (Michelle Kosch) book jacket (Michelle Kost received a BA from Harvard College in 1990 and a PhD from Columbia University in 1999; she was a postdoctoral research fellow at the Søren Kierkegaard Research Center in Copenhagen and then an assistant professor in philosophy at the University of Michigan before moving to Cornell in 2006)</subfield>
  </datafield>
</record>