
<record>
  <leader>01020cz  a2200217n  4500</leader>
  <controlfield tag="001">6776403</controlfield>
  <controlfield tag="003">DLC</controlfield>
  <controlfield tag="005">20200102213244.0</controlfield>
  <controlfield tag="008">060228n| azannaabn          |a aaa     c</controlfield>
  <datafield tag="010" ind1=" " ind2=" ">
    <subfield code="a">nr2006004966</subfield>
    <subfield code="z">no2006038345</subfield>
  </datafield>
  <datafield tag="035" ind1=" " ind2=" ">
    <subfield code="a">(DLC)nr2006004966</subfield>
  </datafield>
  <datafield tag="040" ind1=" " ind2=" ">
    <subfield code="a">DSI-AAA</subfield>
    <subfield code="b">eng</subfield>
    <subfield code="e">rda</subfield>
    <subfield code="c">DSI-AAA</subfield>
    <subfield code="d">DLC</subfield>
  </datafield>
  <datafield tag="046" ind1=" " ind2=" ">
    <subfield code="f">1920-8-24</subfield>
    <subfield code="2">edtf</subfield>
  </datafield>
  <datafield tag="100" ind1="1" ind2=" ">
    <subfield code="a">Keene, Paul F.,</subfield>
    <subfield code="c">Jr.,</subfield>
    <subfield code="d">1920-</subfield>
  </datafield>
  <datafield tag="400" ind1="1" ind2=" ">
    <subfield code="w">nne</subfield>
    <subfield code="a">Keene, Paul,</subfield>
    <subfield code="d">1920-</subfield>
  </datafield>
  <datafield tag="670" ind1=" " ind2=" ">
    <subfield code="a">Paul F. Keene papers, [ca. 1940]-1987</subfield>
    <subfield code="b">(Paul F. Keene; African-American painter; Philadelphia, Pa.)</subfield>
  </datafield>
  <datafield tag="670" ind1=" " ind2=" ">
    <subfield code="a">St. James guide to Black artists, 1997</subfield>
    <subfield code="b">(Keene, Paul (F., Jr.); painter, teacher; b. 8-24-1920)</subfield>
  </datafield>
  <datafield tag="670" ind1=" " ind2=" ">
    <subfield code="a">WwasW in Amer. art, 1999</subfield>
    <subfield code="b">(Keene, Paul F., Jr.; painter, sculptor, educator; b. 1920; Warrington, Pa.)</subfield>
  </datafield>
  <datafield tag="670" ind1=" " ind2=" ">
    <subfield code="a">Phone call to Dolan/Maxwell, Feb. 15, 2006</subfield>
    <subfield code="b">(Paul F. Keene is still living and continues to show at this gallery.)</subfield>
  </datafield>
  <datafield tag="670" ind1=" " ind2=" ">
    <subfield code="a">RLIN, Feb. 28, 2006</subfield>
    <subfield code="b">(hdg.: Keene, Paul F.)</subfield>
  </datafield>
  <datafield tag="670" ind1=" " ind2=" ">
    <subfield code="a">Paul Keene, 2005:</subfield>
    <subfield code="b">t.p. (Paul Keene) p. 74 (b. 1920, Philadelphia, PA; artist)</subfield>
  </datafield>
</record>