
<record>
  <leader>00914cz  a2200157n  4500</leader>
  <controlfield tag="001">6798041</controlfield>
  <controlfield tag="003">DLC</controlfield>
  <controlfield tag="005">20200102101057.0</controlfield>
  <controlfield tag="008">060322n| azannaabn          |n aaa      </controlfield>
  <datafield tag="010" ind1=" " ind2=" ">
    <subfield code="a">n 2006021720</subfield>
  </datafield>
  <datafield tag="035" ind1=" " ind2=" ">
    <subfield code="a">(OCoLC)oca06889781</subfield>
  </datafield>
  <datafield tag="040" ind1=" " ind2=" ">
    <subfield code="a">DLC</subfield>
    <subfield code="b">eng</subfield>
    <subfield code="e">rda</subfield>
    <subfield code="c">DLC</subfield>
    <subfield code="d">InU</subfield>
    <subfield code="d">DLC</subfield>
  </datafield>
  <datafield tag="100" ind1="1" ind2=" ">
    <subfield code="a">MacBride, Fraser</subfield>
  </datafield>
  <datafield tag="373" ind1=" " ind2=" ">
    <subfield code="a">University of Manchester</subfield>
    <subfield code="2">lcnaf</subfield>
  </datafield>
  <datafield tag="670" ind1=" " ind2=" ">
    <subfield code="a">Identity and modality, 2006:</subfield>
    <subfield code="b">ECIP t.p. (Fraser MacBride) data view (Dr.; Birbeck Coll., Univ. of London)</subfield>
  </datafield>
  <datafield tag="670" ind1=" " ind2=" ">
    <subfield code="a">On the genealogy of universals, 2018:</subfield>
    <subfield code="b">title page (Fraser MacBride) book jacket (Fraser MacBride is Professor of Logic and Metaphysics at the University of Manchester and Editor of Monist; previously he was Chair of Logic and Rhetoric at the University of Glasgow and a Reader in Philosophy at the University of Cambridge; he was also the Visiting Bertrand Russell Professor at McMaster University where the Bertrand Russell Archive is held)</subfield>
  </datafield>
</record>