
<record>
  <leader>01288cz  a2200229n  4500</leader>
  <controlfield tag="001">6898538</controlfield>
  <controlfield tag="003">DLC</controlfield>
  <controlfield tag="005">20200102152728.0</controlfield>
  <controlfield tag="008">060706n| azannaabn          |a ana      </controlfield>
  <datafield tag="010" ind1=" " ind2=" ">
    <subfield code="a">nb2006015464</subfield>
    <subfield code="z">no2019084397</subfield>
  </datafield>
  <datafield tag="035" ind1=" " ind2=" ">
    <subfield code="a">(OCoLC)oca06989334</subfield>
  </datafield>
  <datafield tag="040" ind1=" " ind2=" ">
    <subfield code="a">Uk</subfield>
    <subfield code="b">eng</subfield>
    <subfield code="e">rda</subfield>
    <subfield code="c">Uk</subfield>
    <subfield code="d">MnU</subfield>
    <subfield code="d">DLC</subfield>
  </datafield>
  <datafield tag="046" ind1=" " ind2=" ">
    <subfield code="s">1948-04</subfield>
    <subfield code="t">1953</subfield>
    <subfield code="2">edtf</subfield>
  </datafield>
  <datafield tag="110" ind1="2" ind2=" ">
    <subfield code="a">Operational Research Club (Great Britain)</subfield>
  </datafield>
  <datafield tag="370" ind1=" " ind2=" ">
    <subfield code="c">Great Britain</subfield>
    <subfield code="e">London (England)</subfield>
    <subfield code="2">naf</subfield>
  </datafield>
  <datafield tag="372" ind1=" " ind2=" ">
    <subfield code="a">Operations research</subfield>
    <subfield code="2">lcsh</subfield>
  </datafield>
  <datafield tag="377" ind1=" " ind2=" ">
    <subfield code="a">eng</subfield>
  </datafield>
  <datafield tag="410" ind1="2" ind2=" ">
    <subfield code="a">OR Club</subfield>
  </datafield>
  <datafield tag="510" ind1="2" ind2=" ">
    <subfield code="w">b</subfield>
    <subfield code="a">Operational Research Society (Great Britain)</subfield>
  </datafield>
  <datafield tag="670" ind1=" " ind2=" ">
    <subfield code="a">Operational research quarterly, 1950-77:</subfield>
    <subfield code="b">t.p. (Operational Research Club)</subfield>
  </datafield>
  <datafield tag="670" ind1=" " ind2=" ">
    <subfield code="a">Operational Research Society website, viewed June 7, 2019:</subfield>
    <subfield code="b">Who We Are page (History of The OR Society...The OR Club, the world&apos;s first body set up to cater for the operational research profession; autumn of 1947 at an informal dinner at the Athenaeum Club in London where a momentous decision was made: to form an operational research club; the OR Club was duly inaugurated in April 1948 with an initial membership of fifty.)</subfield>
    <subfield code="u">https://www.theorsociety.com/who-we-are/history-of-the-or-society/678</subfield>
  </datafield>
  <datafield tag="678" ind1=" " ind2=" ">
    <subfield code="a">Established as Operational Research Club in 1947.  Name changed to Operational Research Society in 1953.</subfield>
  </datafield>
</record>