
<record>
  <leader>01367cz  a2200301n  4500</leader>
  <controlfield tag="001">7026908</controlfield>
  <controlfield tag="003">DLC</controlfield>
  <controlfield tag="005">20200102144404.0</controlfield>
  <controlfield tag="008">061121n| azannaabn          |a aaa      </controlfield>
  <datafield tag="010" ind1=" " ind2=" ">
    <subfield code="a">n 2006089163</subfield>
    <subfield code="z">n  82043949 </subfield>
  </datafield>
  <datafield tag="035" ind1=" " ind2=" ">
    <subfield code="a">(OCoLC)oca07259975</subfield>
  </datafield>
  <datafield tag="040" ind1=" " ind2=" ">
    <subfield code="a">DLC</subfield>
    <subfield code="b">eng</subfield>
    <subfield code="e">rda</subfield>
    <subfield code="c">DLC</subfield>
    <subfield code="d">UPB</subfield>
    <subfield code="d">MnU</subfield>
    <subfield code="d">DLC</subfield>
  </datafield>
  <datafield tag="046" ind1=" " ind2=" ">
    <subfield code="f">1947-11-22</subfield>
    <subfield code="g">2006</subfield>
    <subfield code="2">edtf</subfield>
  </datafield>
  <datafield tag="100" ind1="1" ind2=" ">
    <subfield code="a">Barnum, Jill,</subfield>
    <subfield code="d">1947-2006</subfield>
  </datafield>
  <datafield tag="370" ind1=" " ind2=" ">
    <subfield code="a">Key West (Fla.)</subfield>
    <subfield code="c">United States</subfield>
    <subfield code="f">Minnesota</subfield>
    <subfield code="2">naf</subfield>
  </datafield>
  <datafield tag="372" ind1=" " ind2=" ">
    <subfield code="a">Melville, Herman, 1819-1891--Criticism and interpretation</subfield>
    <subfield code="2">lcsh</subfield>
  </datafield>
  <datafield tag="373" ind1=" " ind2=" ">
    <subfield code="a">University of Minnesota</subfield>
    <subfield code="2">naf</subfield>
  </datafield>
  <datafield tag="374" ind1=" " ind2=" ">
    <subfield code="a">College teachers</subfield>
    <subfield code="a">Authors</subfield>
    <subfield code="2">lcsh</subfield>
  </datafield>
  <datafield tag="374" ind1=" " ind2=" ">
    <subfield code="a">University and college faculty members</subfield>
    <subfield code="2">lcdgt</subfield>
  </datafield>
  <datafield tag="374" ind1=" " ind2=" ">
    <subfield code="a">Professor</subfield>
    <subfield code="a">Author</subfield>
  </datafield>
  <datafield tag="375" ind1=" " ind2=" ">
    <subfield code="a">Females</subfield>
    <subfield code="2">lcdgt</subfield>
  </datafield>
  <datafield tag="377" ind1=" " ind2=" ">
    <subfield code="a">eng</subfield>
  </datafield>
  <datafield tag="400" ind1="1" ind2=" ">
    <subfield code="a">Gidmark, Jill B.</subfield>
    <subfield code="q">(Jill Barnum),</subfield>
    <subfield code="d">1947-2006</subfield>
  </datafield>
  <datafield tag="400" ind1="1" ind2=" ">
    <subfield code="w">nnea</subfield>
    <subfield code="a">Gidmark, Jill B.</subfield>
  </datafield>
  <datafield tag="670" ind1=" " ind2=" ">
    <subfield code="a">Whole oceans away, c2007:</subfield>
    <subfield code="b">ECIP t.p. (Jill Barnum) data view (b. Nov. 22, 1947; recently deceased) book title page (Jill Barnum)</subfield>
  </datafield>
  <datafield tag="670" ind1=" " ind2=" ">
    <subfield code="a">Star Tribune online, 5 October 2006</subfield>
    <subfield code="b">(Jill Barnum (Gidmark, married name) died 2006; Melville scholar at University of Minnesota; born in Key West)</subfield>
  </datafield>
  <datafield tag="670" ind1=" " ind2=" ">
    <subfield code="a">Her Melville sea dictionary, c1982:</subfield>
    <subfield code="b">CIP t.p. (Jill B. Gidmark)</subfield>
  </datafield>
  <datafield tag="670" ind1=" " ind2=" ">
    <subfield code="a">Encyclopedia of American literature of the sea and Great Lakes, 2000:</subfield>
    <subfield code="b">CIP t.p. (Jill B. Gidmark) data sheet (b. Nov. 22, 1947)</subfield>
  </datafield>
</record>