
<record>
  <leader>00561cz  a2200181n  4500</leader>
  <controlfield tag="001">7057420</controlfield>
  <controlfield tag="003">DLC</controlfield>
  <controlfield tag="005">20200102042642.0</controlfield>
  <controlfield tag="008">070103n| azannaabn          |a aaa      </controlfield>
  <datafield tag="010" ind1=" " ind2=" ">
    <subfield code="a">n 2006170355</subfield>
  </datafield>
  <datafield tag="040" ind1=" " ind2=" ">
    <subfield code="a">DLC</subfield>
    <subfield code="b">eng</subfield>
    <subfield code="e">rda</subfield>
    <subfield code="c">DLC</subfield>
    <subfield code="d">DLC</subfield>
    <subfield code="d">DLC</subfield>
  </datafield>
  <datafield tag="053" ind1=" " ind2="0">
    <subfield code="a">PK2418.M29765</subfield>
  </datafield>
  <datafield tag="100" ind1="1" ind2=" ">
    <subfield code="a">Mahāmine, Candrakānta</subfield>
  </datafield>
  <datafield tag="375" ind1=" " ind2=" ">
    <subfield code="a">Males</subfield>
    <subfield code="2">lcdgt</subfield>
  </datafield>
  <datafield tag="377" ind1=" " ind2=" ">
    <subfield code="a">mar</subfield>
  </datafield>
  <datafield tag="400" ind1="0" ind2=" ">
    <subfield code="a">Candrakānta Mahāmine</subfield>
  </datafield>
  <datafield tag="400" ind1="1" ind2=" ">
    <subfield code="a">Mahamine, Chandrakant R.</subfield>
  </datafield>
  <datafield tag="670" ind1=" " ind2=" ">
    <subfield code="a">Mahāmine, Candrakānta. Koṇḍavāḍā, 2006:</subfield>
    <subfield code="b">t.p. (Candrakānta Mahāmine) t.p. verso (Chandrakant R. Mahamine)</subfield>
  </datafield>
</record>