
<record>
  <leader>01744cz  a2200277n  4500</leader>
  <controlfield tag="001">7200206</controlfield>
  <controlfield tag="003">DLC</controlfield>
  <controlfield tag="005">20200102225801.0</controlfield>
  <controlfield tag="008">070607n| azannaabn          |a ana      </controlfield>
  <datafield tag="010" ind1=" " ind2=" ">
    <subfield code="a">n 2006174360</subfield>
  </datafield>
  <datafield tag="040" ind1=" " ind2=" ">
    <subfield code="a">DLC</subfield>
    <subfield code="b">eng</subfield>
    <subfield code="e">rda</subfield>
    <subfield code="c">DLC</subfield>
    <subfield code="d">DLC</subfield>
    <subfield code="d">DLC</subfield>
  </datafield>
  <datafield tag="046" ind1=" " ind2=" ">
    <subfield code="s">1993-12-02</subfield>
    <subfield code="2">edtf</subfield>
  </datafield>
  <datafield tag="110" ind1="2" ind2=" ">
    <subfield code="a">Samāja Sevā tathā Mānava Adhikārama Mahilā ra Bālabālikā̃ (Organization : Kathmandu, Nepal)</subfield>
  </datafield>
  <datafield tag="368" ind1=" " ind2=" ">
    <subfield code="a">Nonprofit organizations</subfield>
    <subfield code="2">lcsh</subfield>
  </datafield>
  <datafield tag="370" ind1=" " ind2=" ">
    <subfield code="e">Kathmandu (Nepal)</subfield>
    <subfield code="2">naf</subfield>
  </datafield>
  <datafield tag="371" ind1=" " ind2=" ">
    <subfield code="a">P.B. 21433, Buddha Nagara</subfield>
    <subfield code="b">Kathmandu</subfield>
    <subfield code="d">Nepal</subfield>
    <subfield code="m">info@cwish.org.np</subfield>
  </datafield>
  <datafield tag="377" ind1=" " ind2=" ">
    <subfield code="a">nep</subfield>
  </datafield>
  <datafield tag="410" ind1="2" ind2=" ">
    <subfield code="a">Sivisa</subfield>
  </datafield>
  <datafield tag="410" ind1="2" ind2=" ">
    <subfield code="a">CWISH</subfield>
  </datafield>
  <datafield tag="410" ind1="2" ind2=" ">
    <subfield code="a">Children-Women in Social Service and Human Rights (Organization : Kathmandu, Nepal)</subfield>
  </datafield>
  <datafield tag="410" ind1="2" ind2=" ">
    <subfield code="a">Samājasevā tathā Mānavaadhikāramā Mahilā ra Bālabālikā (Organization : Kathmandu, Nepal)</subfield>
  </datafield>
  <datafield tag="410" ind1="2" ind2=" ">
    <subfield code="a">Children and Women in Social Service and Human Rights (Organization : Kathmandu, Nepal)</subfield>
  </datafield>
  <datafield tag="670" ind1=" " ind2=" ">
    <subfield code="a">Sāpakoṭā, Vedaprakāśa. Gharelu śrama, 2005:</subfield>
    <subfield code="b">t.p. verso (Samāja Sevā tathā Mānava Adhikārama Mahilā ra Bālabālikā̃; Sivisa; CWISH; Kāṭhamāḍauṃ)</subfield>
  </datafield>
  <datafield tag="670" ind1=" " ind2=" ">
    <subfield code="a">www.cwish.org.np, June 7, 2007</subfield>
    <subfield code="b">(Children-Women in Social Service and Human Rights; not for profit non-government organization established in Dec. 2, 1993 in Kathmandu, Nepal, is a not-partisan, non-religious organization working all over Nepal)</subfield>
  </datafield>
  <datafield tag="670" ind1=" " ind2=" ">
    <subfield code="a">Nepālamā bālaadhikāra, 2015:</subfield>
    <subfield code="b">title page verso (Samājasevā tathā Mānavaadhikāramā Mahilā ra Bālabālikā; P.B. 21433, Buddha Nagara, Kathmandu; email: info@cwish.org.np)</subfield>
  </datafield>
  <datafield tag="670" ind1=" " ind2=" ">
    <subfield code="a">Essays on status of child rights in Nepal, 2017:</subfield>
    <subfield code="b">title page (Children and Women in Social Service and Human Rights)</subfield>
  </datafield>
</record>