
<record>
  <leader>02322cz  a2200397n  4500</leader>
  <controlfield tag="001">7507417</controlfield>
  <controlfield tag="003">DLC</controlfield>
  <controlfield tag="005">20200102073107.0</controlfield>
  <controlfield tag="008">080411n| aznnnabbn          |b ana     c</controlfield>
  <datafield tag="010" ind1=" " ind2=" ">
    <subfield code="a">no2008055429</subfield>
  </datafield>
  <datafield tag="034" ind1=" " ind2=" ">
    <subfield code="d">E1351351</subfield>
    <subfield code="e">E1351351</subfield>
    <subfield code="f">N0350431</subfield>
    <subfield code="g">N0350431</subfield>
    <subfield code="2">geonet</subfield>
  </datafield>
  <datafield tag="034" ind1=" " ind2=" ">
    <subfield code="d">E1351351</subfield>
    <subfield code="e">E1351351</subfield>
    <subfield code="f">N0350431</subfield>
    <subfield code="g">N0350431</subfield>
    <subfield code="2">cgotw</subfield>
  </datafield>
  <datafield tag="034" ind1=" " ind2=" ">
    <subfield code="d">E1351300</subfield>
    <subfield code="e">E1351300</subfield>
    <subfield code="f">N0350400</subfield>
    <subfield code="g">N0350400</subfield>
    <subfield code="2">goj</subfield>
  </datafield>
  <datafield tag="035" ind1=" " ind2=" ">
    <subfield code="a">(OCoLC)oca07732432</subfield>
  </datafield>
  <datafield tag="040" ind1=" " ind2=" ">
    <subfield code="a">NNC-EA</subfield>
    <subfield code="b">eng</subfield>
    <subfield code="e">rda</subfield>
    <subfield code="c">NNC</subfield>
    <subfield code="d">NNC</subfield>
  </datafield>
  <datafield tag="043" ind1=" " ind2=" ">
    <subfield code="a">a-ja---</subfield>
  </datafield>
  <datafield tag="046" ind1=" " ind2=" ">
    <subfield code="s">1999-04-01</subfield>
    <subfield code="t">[2019-04-30,2019-05-01]</subfield>
    <subfield code="2">edtf</subfield>
  </datafield>
  <datafield tag="151" ind1=" " ind2=" ">
    <subfield code="a">Sasayama-shi (Japan)</subfield>
  </datafield>
  <datafield tag="368" ind1=" " ind2=" ">
    <subfield code="b">Cities and towns</subfield>
    <subfield code="2">lcsh</subfield>
  </datafield>
  <datafield tag="451" ind1=" " ind2=" ">
    <subfield code="a">篠山市 (Japan)</subfield>
  </datafield>
  <datafield tag="551" ind1=" " ind2=" ">
    <subfield code="w">b</subfield>
    <subfield code="a">Tanbasasayama-shi (Japan)</subfield>
  </datafield>
  <datafield tag="551" ind1=" " ind2=" ">
    <subfield code="w">a</subfield>
    <subfield code="a">Sasayama-chō (Japan)</subfield>
  </datafield>
  <datafield tag="551" ind1=" " ind2=" ">
    <subfield code="w">a</subfield>
    <subfield code="a">Tannan-chō (Japan)</subfield>
  </datafield>
  <datafield tag="551" ind1=" " ind2=" ">
    <subfield code="w">a</subfield>
    <subfield code="a">Nishiki-chō (Hyōgo-ken, Japan)</subfield>
  </datafield>
  <datafield tag="551" ind1=" " ind2=" ">
    <subfield code="w">a</subfield>
    <subfield code="a">Konda-chō (Japan)</subfield>
  </datafield>
  <datafield tag="667" ind1=" " ind2=" ">
    <subfield code="a">SUBJECT USAGE: This heading is not valid for use as a subject. Works about this place are entered under Tanbasasayama-shi.</subfield>
  </datafield>
  <datafield tag="667" ind1=" " ind2=" ">
    <subfield code="a">Non-Latin script reference not evaluated</subfield>
  </datafield>
  <datafield tag="670" ind1=" " ind2=" ">
    <subfield code="a">Nōgaku Shiryōkan WWW home page, Apr. 11, 2008</subfield>
    <subfield code="b">(Nōgaku Shiryōkan; loc., Hyōgo-ken Sasayama-shi Kawara-machi)</subfield>
  </datafield>
  <datafield tag="670" ind1=" " ind2=" ">
    <subfield code="a">Nihon rekishi chimei taikei (Online), Apr. 11, 2008</subfield>
    <subfield code="b">(Sasayama-chō, Tannan-chō, Nishiki-chō, and Konda-chō merged to form Sasayama-shi, Apr. 1, 1999)</subfield>
  </datafield>
  <datafield tag="670" ind1=" " ind2=" ">
    <subfield code="a">Tanbasasayama-shi Kyōiku Iinkai shozō &quot;Jōei shikimoku tsuika,&quot; Sept. 2019:</subfield>
    <subfield code="b">p. 1402 (丹波篠山市 = Tanbasasayama-shi; Tamba-Sasayama City)</subfield>
  </datafield>
  <datafield tag="670" ind1=" " ind2=" ">
    <subfield code="a">GEOnet, Dec. 26, 2019</subfield>
    <subfield code="b">(Sasayama [short]-shi; 篠山市 [non-roman script]; ADM2, 35°04ʹ31ʺN 135°13ʹ51ʺE)</subfield>
  </datafield>
  <datafield tag="670" ind1=" " ind2=" ">
    <subfield code="a">Col. gaz., Dec. 26, 2019</subfield>
    <subfield code="b">(Sasayama; town; 35°04ʹN 135°13ʹE)</subfield>
  </datafield>
  <datafield tag="670" ind1=" " ind2=" ">
    <subfield code="a">Gazetteer of Japan, 2007</subfield>
    <subfield code="b">(篠山市 = Sasayama-shi; r; Sasayama Shi [in rom.]; municipality; 135°13ʹE 35°04ʹN)</subfield>
  </datafield>
  <datafield tag="670" ind1=" " ind2=" ">
    <subfield code="a">Kadokawa Nihon chimei d.j., Dec. 26, 2019</subfield>
    <subfield code="b">(篠山 = Sasayama; r; 篠山市 = Sasayama-shi)</subfield>
  </datafield>
  <datafield tag="670" ind1=" " ind2=" ">
    <subfield code="a">Nihon Yūbin yūbin bangō kensaku, Dec. 26, 2019</subfield>
    <subfield code="b">(篠山市 = Sasayama-shi (r) renamed 丹波篠山市 = Tanbasasayama-shi (r), May 1, 2019)</subfield>
  </datafield>
  <datafield tag="675" ind1=" " ind2=" ">
    <subfield code="a">GEOnet, Apr. 11, 2008 (Sasayama; PPL, 35°04ʹN 135°13ʹE);</subfield>
    <subfield code="a">Getty thesaurus of geographic names, Dec. 26, 2019 (Sasayama; inhabited place; 350400N 1351500E; 35.0667 135.2500)</subfield>
  </datafield>
</record>