
<record>
  <leader>01406cz  a2200205n  4500</leader>
  <controlfield tag="001">7824790</controlfield>
  <controlfield tag="003">DLC</controlfield>
  <controlfield tag="005">20200102073108.0</controlfield>
  <controlfield tag="008">090313n| azannaabn          |n aaa     c</controlfield>
  <datafield tag="010" ind1=" " ind2=" ">
    <subfield code="a">no2009039461</subfield>
  </datafield>
  <datafield tag="035" ind1=" " ind2=" ">
    <subfield code="a">(OCoLC)oca08045218</subfield>
  </datafield>
  <datafield tag="040" ind1=" " ind2=" ">
    <subfield code="a">NcU</subfield>
    <subfield code="b">eng</subfield>
    <subfield code="e">rda</subfield>
    <subfield code="c">NcU</subfield>
    <subfield code="d">KyU</subfield>
  </datafield>
  <datafield tag="046" ind1=" " ind2=" ">
    <subfield code="f">1757-05-14</subfield>
    <subfield code="g">1833-06-26</subfield>
    <subfield code="2">edtf</subfield>
  </datafield>
  <datafield tag="100" ind1="1" ind2=" ">
    <subfield code="a">Allin, Thomas,</subfield>
    <subfield code="d">1757-1833</subfield>
  </datafield>
  <datafield tag="370" ind1=" " ind2=" ">
    <subfield code="a">Hanover County (Va.)</subfield>
    <subfield code="b">Harrodsburg (Ky.)</subfield>
    <subfield code="c">United States</subfield>
    <subfield code="e">Granville County (N.C.)</subfield>
    <subfield code="e">Lincoln County (Ky.)</subfield>
    <subfield code="f">Mercer County (Ky.)</subfield>
    <subfield code="2">naf</subfield>
  </datafield>
  <datafield tag="374" ind1=" " ind2=" ">
    <subfield code="a">Surveyors</subfield>
    <subfield code="a">Soldiers</subfield>
    <subfield code="a">Sheriffs</subfield>
    <subfield code="a">Clerks of court</subfield>
    <subfield code="a">Distillers</subfield>
    <subfield code="a">Millers</subfield>
    <subfield code="2">lcsh</subfield>
  </datafield>
  <datafield tag="375" ind1=" " ind2=" ">
    <subfield code="a">Males</subfield>
    <subfield code="2">lcdgt</subfield>
  </datafield>
  <datafield tag="377" ind1=" " ind2=" ">
    <subfield code="a">eng</subfield>
  </datafield>
  <datafield tag="670" ind1=" " ind2=" ">
    <subfield code="a">Some notes regarding Thomas Allin, surveyor of the Transylvania Company, 1945:</subfield>
    <subfield code="b">t.p. (Thomas Allin) p. 6 (b. May 14, 1757, Hanover County, Va., d. June 26, 1833, Harrodsburg, Ky.)</subfield>
  </datafield>
  <datafield tag="670" ind1=" " ind2=" ">
    <subfield code="a">Kentucky Encyclopedia, ©1992:</subfield>
    <subfield code="b">pages 16-17 (Thomas Allin was a civic and political leader and Revolutionary War soldier.  Raised in Granville County, North Carolina.  Enlisted in the Revolutionary War.  Moved to Lincoln County, Kentucky in 1781, where he was later appointed deputy surveyor and deputy sheriff of the county.  Was a surveyor who laid out several Kentucky towns.  Was a deputy clerk for the Supreme Court for the District of Kentucky and county circuit court clerk in Mercer County.  Operated a farm, a mill and a distillery on his substantial land holdings.)</subfield>
  </datafield>
</record>