
<record>
  <leader>00517cz  a2200169n  4500</leader>
  <controlfield tag="001">7870888</controlfield>
  <controlfield tag="003">DLC</controlfield>
  <controlfield tag="005">20200102034836.0</controlfield>
  <controlfield tag="008">090428n| azannaabn          |a aaa      </controlfield>
  <datafield tag="010" ind1=" " ind2=" ">
    <subfield code="a">n 2009219657</subfield>
  </datafield>
  <datafield tag="040" ind1=" " ind2=" ">
    <subfield code="a">DLC</subfield>
    <subfield code="b">eng</subfield>
    <subfield code="e">rda</subfield>
    <subfield code="c">DLC</subfield>
    <subfield code="d">DLC</subfield>
  </datafield>
  <datafield tag="100" ind1="1" ind2=" ">
    <subfield code="a">Śelāra, Sudhākara</subfield>
  </datafield>
  <datafield tag="375" ind1=" " ind2=" ">
    <subfield code="a">Males</subfield>
    <subfield code="2">lcdgt</subfield>
  </datafield>
  <datafield tag="377" ind1=" " ind2=" ">
    <subfield code="a">mar</subfield>
  </datafield>
  <datafield tag="400" ind1="0" ind2=" ">
    <subfield code="a">Sudhākara Śelāra</subfield>
  </datafield>
  <datafield tag="400" ind1="1" ind2=" ">
    <subfield code="a">Shelar, Sudhakar</subfield>
  </datafield>
  <datafield tag="670" ind1=" " ind2=" ">
    <subfield code="a">Śelāra, Sudhākara. Ekoṇisāve śataka, 2008:</subfield>
    <subfield code="b">t.p. (Ḍô. Sudhākara Śelāra) t.p. verso (Dr. Sudhakar Shelar)</subfield>
  </datafield>
</record>