
<record>
  <leader>02228cz  a2200277n  4500</leader>
  <controlfield tag="001">7921823</controlfield>
  <controlfield tag="003">DLC</controlfield>
  <controlfield tag="005">20200102043128.0</controlfield>
  <controlfield tag="008">090615n| azannaabn          |b ana      </controlfield>
  <datafield tag="010" ind1=" " ind2=" ">
    <subfield code="a">n 2009207268</subfield>
  </datafield>
  <datafield tag="040" ind1=" " ind2=" ">
    <subfield code="a">DLC</subfield>
    <subfield code="b">eng</subfield>
    <subfield code="e">rda</subfield>
    <subfield code="c">DLC</subfield>
    <subfield code="d">DLC</subfield>
  </datafield>
  <datafield tag="110" ind1="2" ind2=" ">
    <subfield code="a">Academy of Sciences of Afghanistan.</subfield>
    <subfield code="b">Da ʻAqīde aw S̲aqāfat Markaz</subfield>
  </datafield>
  <datafield tag="410" ind1="2" ind2=" ">
    <subfield code="a">Academy of Sciences of Afghanistan.</subfield>
    <subfield code="b">Da ʻAqīdī aw S̲aqāfat Markaz</subfield>
  </datafield>
  <datafield tag="410" ind1="2" ind2=" ">
    <subfield code="a">Academy of Sciences of Afghanistan.</subfield>
    <subfield code="b">Da ʻAqīde Markaz</subfield>
  </datafield>
  <datafield tag="410" ind1="2" ind2=" ">
    <subfield code="a">Academy of Sciences of Afghanistan.</subfield>
    <subfield code="b">Markaz-i ʻAqīdah va S̲aqāfat</subfield>
  </datafield>
  <datafield tag="410" ind1="2" ind2=" ">
    <subfield code="a">Academy of Sciences of Afghanistan.</subfield>
    <subfield code="b">Muʻāvanīyat-i Bakhsh-i ʻUlūm-i Islāmī.</subfield>
    <subfield code="b">Da ʻAqīde aw S̲aqāfat Markaz</subfield>
  </datafield>
  <datafield tag="410" ind1="2" ind2=" ">
    <subfield code="a">Academy of Sciences of Afghanistan.</subfield>
    <subfield code="b">Muʻāvanīyat-i Bakhsh-i ʻUlūm-i Islāmī.</subfield>
    <subfield code="b">Da ʻAqīde Markaz</subfield>
  </datafield>
  <datafield tag="410" ind1="2" ind2=" ">
    <subfield code="a">Academy of Sciences of Afghanistan.</subfield>
    <subfield code="b">Muʻāvanīyat-i Bakhsh-i ʻUlūm-i Islāmī.</subfield>
    <subfield code="b">Markaz-i ʻAqīdah va S̲aqāfat</subfield>
  </datafield>
  <datafield tag="410" ind1="2" ind2=" ">
    <subfield code="a">Academy of Sciences of Afghanistan.</subfield>
    <subfield code="b">Bakhsh-i ʻUlūm-i Islāmī.</subfield>
    <subfield code="b">Markaz-i ʻAqīdah va S̲aqāfat</subfield>
  </datafield>
  <datafield tag="410" ind1="2" ind2=" ">
    <subfield code="a">Academy of Sciences of Afghanistan.</subfield>
    <subfield code="b">‏د عقيدى او ثقافت مرکز</subfield>
  </datafield>
  <datafield tag="410" ind1="2" ind2=" ">
    <subfield code="a">Academy of Sciences of Afghanistan.</subfield>
    <subfield code="b">مرکز عقيده و ثقافت</subfield>
  </datafield>
  <datafield tag="667" ind1=" " ind2=" ">
    <subfield code="a">Non-Latin script references not evaluated.</subfield>
  </datafield>
  <datafield tag="670" ind1=" " ind2=" ">
    <subfield code="a">Da sḥażī qiyādat da Islām lah naẓarah, 2008:</subfield>
    <subfield code="b">t.p. (Da ʻUlūmo Akāḍamī, Da ʻAqīde aw S̲aqāfat Markaz) cover (Da Afghānistān da ʻUlūmo Akaḍamī, Da Islāmī ʻUlūmo Ṡāngah Da ʻAqīde Markaz)</subfield>
  </datafield>
  <datafield tag="670" ind1=" " ind2=" ">
    <subfield code="a">Khuṣūṣīyāt-i shīvāʹhā-yi āmūzish va parvarish dar Islām, 2009 or 2010:</subfield>
    <subfield code="b">t.p. (Jumhūrī-i Islāmī-i Afghānistān, Akādimī-i ʻUlūm, Muʻāvanīyat-i Bakhsh-i ʻUlūm-i Islāmī, Markaz-i ʻAqīdah va S̲aqāfat)</subfield>
  </datafield>
  <datafield tag="670" ind1=" " ind2=" ">
    <subfield code="a">Nishānahʹhā-yi ʻilmī-i vaqūʻ-i qiyāmat, 2010 or 2011:</subfield>
    <subfield code="b">t.p. (جمهورى اسلامى افغانستان، اکادمى علوم، بخش علوم اسلامى، مرکز عقيده و ثقافت = Jumhūrī-i Islāmī-i Afghānistān, Akādimī-i ʻUlūm, Bakhsh-i ʻUlūm-i Islāmī, Markaz-i ʻAqīdah va S̲aqāfat)</subfield>
  </datafield>
  <datafield tag="953" ind1=" " ind2=" ">
    <subfield code="a">wk23</subfield>
  </datafield>
</record>