
<record>
  <leader>00502cz  a2200133n  4500</leader>
  <controlfield tag="001">8055406</controlfield>
  <controlfield tag="003">DLC</controlfield>
  <controlfield tag="005">20200102073550.0</controlfield>
  <controlfield tag="008">091015n| azannaabn          |n aaa      </controlfield>
  <datafield tag="010" ind1=" " ind2=" ">
    <subfield code="a">n 2009066105</subfield>
  </datafield>
  <datafield tag="040" ind1=" " ind2=" ">
    <subfield code="a">DLC</subfield>
    <subfield code="b">eng</subfield>
    <subfield code="e">rda</subfield>
    <subfield code="c">DLC</subfield>
    <subfield code="d">DLC</subfield>
  </datafield>
  <datafield tag="100" ind1="1" ind2=" ">
    <subfield code="a">Erway, Cathy</subfield>
  </datafield>
  <datafield tag="670" ind1=" " ind2=" ">
    <subfield code="a">Erway, Cathy. The art of eating in, 2010:</subfield>
    <subfield code="b">e-CIP t.p. (Cathy Erway)</subfield>
  </datafield>
  <datafield tag="670" ind1=" " ind2=" ">
    <subfield code="a">Sheet pan chicken, 2020:</subfield>
    <subfield code="b">ECIP title page (Cathy Erway) data view (born 1981; mom is from Taiwan, and dad is from  the Finger Lakes region of Upstate New York)</subfield>
  </datafield>
</record>