
<record>
  <leader>00582cz  a2200157n  4500</leader>
  <controlfield tag="001">8200121</controlfield>
  <controlfield tag="003">DLC</controlfield>
  <controlfield tag="005">20200102104200.0</controlfield>
  <controlfield tag="008">100304n| acannaabn          |a aaa     c</controlfield>
  <datafield tag="010" ind1=" " ind2=" ">
    <subfield code="a">no2010037486</subfield>
  </datafield>
  <datafield tag="035" ind1=" " ind2=" ">
    <subfield code="a">(OCoLC)oca08415171</subfield>
  </datafield>
  <datafield tag="040" ind1=" " ind2=" ">
    <subfield code="a">InIU-L</subfield>
    <subfield code="b">eng</subfield>
    <subfield code="c">InIU-L</subfield>
    <subfield code="d">DLC</subfield>
  </datafield>
  <datafield tag="100" ind1="1" ind2=" ">
    <subfield code="a">Babb, Bryan H.</subfield>
  </datafield>
  <datafield tag="400" ind1="1" ind2=" ">
    <subfield code="a">Babb, Bryan D.</subfield>
  </datafield>
  <datafield tag="670" ind1=" " ind2=" ">
    <subfield code="a">Impact fees, c2009:</subfield>
    <subfield code="b">t.p. (Bryan D. Babb, Bose McKinney &amp; Evans LLP, Indianapolis, IN)</subfield>
  </datafield>
  <datafield tag="670" ind1=" " ind2=" ">
    <subfield code="a">Bose McKinney &amp; Evans LLP business website, viewed January 2, 2020:</subfield>
    <subfield code="b">(Bryan H. Babb; partner of law firm)</subfield>
    <subfield code="u">https://www.boselaw.com/people/bryan-h-babb/</subfield>
  </datafield>
</record>