
<record>
  <leader>00616cz  a2200193n  4500</leader>
  <controlfield tag="001">8209114</controlfield>
  <controlfield tag="003">DLC</controlfield>
  <controlfield tag="005">20200102150042.0</controlfield>
  <controlfield tag="008">100312n| azannaabn          |a aaa      </controlfield>
  <datafield tag="010" ind1=" " ind2=" ">
    <subfield code="a">n 2010015160</subfield>
  </datafield>
  <datafield tag="035" ind1=" " ind2=" ">
    <subfield code="a">(OCoLC)oca08425808</subfield>
  </datafield>
  <datafield tag="040" ind1=" " ind2=" ">
    <subfield code="a">DLC</subfield>
    <subfield code="b">eng</subfield>
    <subfield code="e">rda</subfield>
    <subfield code="c">DLC</subfield>
    <subfield code="d">DLC</subfield>
    <subfield code="d">UPB</subfield>
    <subfield code="d">DLC</subfield>
    <subfield code="d">IEN</subfield>
    <subfield code="d">DLC</subfield>
  </datafield>
  <datafield tag="100" ind1="1" ind2=" ">
    <subfield code="a">Sondheim, Stephen.</subfield>
    <subfield code="t">Songs.</subfield>
    <subfield code="s">Texts.</subfield>
    <subfield code="k">Selections</subfield>
  </datafield>
  <datafield tag="400" ind1="1" ind2=" ">
    <subfield code="a">Sondheim, Stephen.</subfield>
    <subfield code="t">Finishing the hat</subfield>
  </datafield>
  <datafield tag="400" ind1="1" ind2=" ">
    <subfield code="a">Sondheim, Stephen.</subfield>
    <subfield code="t">Look, I made a hat</subfield>
  </datafield>
  <datafield tag="400" ind1="1" ind2=" ">
    <subfield code="a">Sondheim, Stephen.</subfield>
    <subfield code="t">Sondheim</subfield>
  </datafield>
  <datafield tag="670" ind1=" " ind2=" ">
    <subfield code="a">Sondheim, Stephen. Finishing the hat, 2010</subfield>
  </datafield>
  <datafield tag="670" ind1=" " ind2=" ">
    <subfield code="a">Sondheim, Stephen. Sondheim, 2020.</subfield>
  </datafield>
  <datafield tag="953" ind1=" " ind2=" ">
    <subfield code="a">vl31</subfield>
  </datafield>
</record>