
<record>
  <leader>00819cz  a2200193n  4500</leader>
  <controlfield tag="001">8241247</controlfield>
  <controlfield tag="003">DLC</controlfield>
  <controlfield tag="005">20200102111315.0</controlfield>
  <controlfield tag="008">100409n| azannaabn          |b ana      </controlfield>
  <datafield tag="010" ind1=" " ind2=" ">
    <subfield code="a">n 2010021650</subfield>
  </datafield>
  <datafield tag="040" ind1=" " ind2=" ">
    <subfield code="a">DLC</subfield>
    <subfield code="b">eng</subfield>
    <subfield code="c">DLC</subfield>
    <subfield code="e">rda</subfield>
    <subfield code="d">DLC</subfield>
  </datafield>
  <datafield tag="043" ind1=" " ind2=" ">
    <subfield code="a">e-un---</subfield>
  </datafield>
  <datafield tag="151" ind1=" " ind2=" ">
    <subfield code="a">Hryhorivka (Obukhivsʹkyĭ raĭon, Ukraine)</subfield>
  </datafield>
  <datafield tag="451" ind1=" " ind2=" ">
    <subfield code="a">Григорівка (Obukhivsʹkyĭ raĭon, Ukraine)</subfield>
  </datafield>
  <datafield tag="667" ind1=" " ind2=" ">
    <subfield code="a">Non-Latin script reference not evaluated.</subfield>
  </datafield>
  <datafield tag="670" ind1=" " ind2=" ">
    <subfield code="a">Lehendy sela Hryhorivky, 2008:</subfield>
    <subfield code="b">t.p. (Hryhorivka) p. 4 of cover (Hryhorivka, Obukhivsʹkoho raĭonu)</subfield>
  </datafield>
  <datafield tag="670" ind1=" " ind2=" ">
    <subfield code="a">Vikipedii︠a︡, viewed Apr. 9, 2010:</subfield>
    <subfield code="b">(Григорівка, село в Обухівському районі Київської області)</subfield>
    <subfield code="u">http://uk.wikipedia.org</subfield>
  </datafield>
  <datafield tag="781" ind1=" " ind2="0">
    <subfield code="z">Ukraine</subfield>
    <subfield code="z">Hryhorivka (Obukhivsʹkyĭ raĭon)</subfield>
  </datafield>
  <datafield tag="953" ind1=" " ind2=" ">
    <subfield code="a">fc04</subfield>
  </datafield>
</record>