
<record>
  <leader>02752cz  a2200373n  4500</leader>
  <controlfield tag="001">8246387</controlfield>
  <controlfield tag="003">DLC</controlfield>
  <controlfield tag="005">20200102190453.0</controlfield>
  <controlfield tag="008">100414n| azannaabn          |a aaa      </controlfield>
  <datafield tag="010" ind1=" " ind2=" ">
    <subfield code="a">n 2010022657</subfield>
  </datafield>
  <datafield tag="035" ind1=" " ind2=" ">
    <subfield code="a">(OCoLC)oca08462760</subfield>
  </datafield>
  <datafield tag="040" ind1=" " ind2=" ">
    <subfield code="a">DLC</subfield>
    <subfield code="b">eng</subfield>
    <subfield code="e">rda</subfield>
    <subfield code="c">DLC</subfield>
    <subfield code="d">DLC</subfield>
    <subfield code="d">CSt</subfield>
    <subfield code="d">DLC</subfield>
  </datafield>
  <datafield tag="046" ind1=" " ind2=" ">
    <subfield code="f">1983-11-28</subfield>
    <subfield code="2">edtf</subfield>
  </datafield>
  <datafield tag="100" ind1="1" ind2=" ">
    <subfield code="a">Quispe Escobar, Alber,</subfield>
    <subfield code="d">1983-</subfield>
  </datafield>
  <datafield tag="370" ind1=" " ind2=" ">
    <subfield code="a">Totoral (Oruro, Bolivia)</subfield>
    <subfield code="2">naf</subfield>
  </datafield>
  <datafield tag="370" ind1=" " ind2=" ">
    <subfield code="e">Cochabamba (Bolivia)</subfield>
    <subfield code="2">naf</subfield>
  </datafield>
  <datafield tag="370" ind1=" " ind2=" ">
    <subfield code="f">Seville (Spain)</subfield>
    <subfield code="2">naf</subfield>
  </datafield>
  <datafield tag="370" ind1=" " ind2=" ">
    <subfield code="f">Castellón de la Plana (Spain)</subfield>
    <subfield code="2">naf</subfield>
  </datafield>
  <datafield tag="371" ind1=" " ind2=" ">
    <subfield code="m">alquies24@gmail.com</subfield>
  </datafield>
  <datafield tag="372" ind1=" " ind2=" ">
    <subfield code="a">Latin American history</subfield>
  </datafield>
  <datafield tag="373" ind1=" " ind2=" ">
    <subfield code="a">Universidad Mayor de San Simón</subfield>
    <subfield code="2">naf</subfield>
  </datafield>
  <datafield tag="373" ind1=" " ind2=" ">
    <subfield code="a">Universitat Jaume 1</subfield>
    <subfield code="2">naf</subfield>
  </datafield>
  <datafield tag="373" ind1=" " ind2=" ">
    <subfield code="a">Universidad Pablo de Olavide de Sevilla</subfield>
    <subfield code="2">naf</subfield>
  </datafield>
  <datafield tag="373" ind1=" " ind2=" ">
    <subfield code="a">Consejo Latinoamericano de Ciencias Sociales</subfield>
    <subfield code="2">naf</subfield>
  </datafield>
  <datafield tag="373" ind1=" " ind2=" ">
    <subfield code="a">Programa de Investigación Estratégica en Bolivia</subfield>
    <subfield code="2">naf</subfield>
  </datafield>
  <datafield tag="374" ind1=" " ind2=" ">
    <subfield code="a">Historian</subfield>
    <subfield code="a">Professor</subfield>
  </datafield>
  <datafield tag="375" ind1=" " ind2=" ">
    <subfield code="a">Males</subfield>
    <subfield code="2">lcdgt</subfield>
  </datafield>
  <datafield tag="377" ind1=" " ind2=" ">
    <subfield code="a">spa</subfield>
  </datafield>
  <datafield tag="400" ind1="1" ind2=" ">
    <subfield code="a">Escobar, Alber Quispe,</subfield>
    <subfield code="d">1983-</subfield>
  </datafield>
  <datafield tag="400" ind1="1" ind2=" ">
    <subfield code="a">Quispe, Alber,</subfield>
    <subfield code="d">1983-</subfield>
  </datafield>
  <datafield tag="670" ind1=" " ind2=" ">
    <subfield code="a">Mejía Coca, Geovana. Nudos SURurbanos, 2009:</subfield>
    <subfield code="b">t.p. (Alber Quispe Escobar) p. 380, etc. (Alber Quispe; born November 28, 1983 in Totoral, Oruro [Bolivia]; licenciado in sociology; published by the Gobierno Municipal de Cochabamba, the Federación de Asociados Municipales de Bolivia, and the Programa de Investigación Estratégica en Bolivia)</subfield>
  </datafield>
  <datafield tag="670" ind1=" " ind2=" ">
    <subfield code="a">Tiempos de insurgencia, 2018:</subfield>
    <subfield code="b">title page (Alber Quispe Escobar; works is about Cochabamba in the early 1800s) cover front flap (sociologist with a degree from the Universidad Mayor de San Simón; diplomado in Latin American historical studies (2009) and in university education (2014); master&apos;s in the history of the Hispanic world, Universitat Jaume 1; master&apos;s in Latin American history, Universidad Pablo de Olavide; researcher formerly affiliated with the Programa de Investigación Estratégica en Bolivia and the Consejo Latinoamericano de Ciencias Sociales; author of several works including Manuel María Camacho Medrano; La mit&apos;a religiosa; and De los festejos del rey a los festejos de la partia; professor currently affiliated with the Universidad Mayor de San Simón; Ph.D. candidate in history and humanistic studies, Universidad Pablo de Olavide)</subfield>
  </datafield>
  <datafield tag="670" ind1=" " ind2=" ">
    <subfield code="a">Author&apos;s Facebook page, January 2, 2020:</subfield>
    <subfield code="b">(Alber Quispe Escobar; studied at the Universidad Mayor de San Simón; resident of Cochabamba, Bolivia)</subfield>
    <subfield code="u">https://www.facebook.com/alberquispe</subfield>
  </datafield>
  <datafield tag="670" ind1=" " ind2=" ">
    <subfield code="a">Estudios sociales del noa, 19, 2017:</subfield>
    <subfield code="b">(Alber Quispe Escobar; affiliated with the Universidad Mayor de San Simón; alquies24@gmail.com)</subfield>
    <subfield code="u">file:///C:/Users/apur/AppData/Local/Temp/6142-Texto%20del%20artículo-15248-1-10-20190424.pdf</subfield>
  </datafield>
</record>