
<record>
  <leader>00736cz  a2200157n  4500</leader>
  <controlfield tag="001">8262418</controlfield>
  <controlfield tag="003">DLC</controlfield>
  <controlfield tag="005">20200102155204.0</controlfield>
  <controlfield tag="008">100428n| azannaabn          |n aaa     c</controlfield>
  <datafield tag="010" ind1=" " ind2=" ">
    <subfield code="a">no2010070280</subfield>
  </datafield>
  <datafield tag="035" ind1=" " ind2=" ">
    <subfield code="a">(OCoLC)oca08477074</subfield>
  </datafield>
  <datafield tag="040" ind1=" " ind2=" ">
    <subfield code="a">IEN</subfield>
    <subfield code="b">eng</subfield>
    <subfield code="c">IEN</subfield>
    <subfield code="e">rda</subfield>
    <subfield code="d">DLC</subfield>
  </datafield>
  <datafield tag="046" ind1=" " ind2=" ">
    <subfield code="f">1981</subfield>
  </datafield>
  <datafield tag="100" ind1="1" ind2=" ">
    <subfield code="a">Coker, Cait</subfield>
  </datafield>
  <datafield tag="670" ind1=" " ind2=" ">
    <subfield code="a">One hundred years hence, 2010:</subfield>
    <subfield code="b">t.p. verso (Cait Coker; curator)</subfield>
  </datafield>
  <datafield tag="670" ind1=" " ind2=" ">
    <subfield code="a">The global vampire, c2020:</subfield>
    <subfield code="b">ECIP t.p. (Cait Coker) LCCN Contributors (Cait Coker, year of birth 1981) About the Author (Cait Coker is associate professor and curator of rare books and manuscripts at the University of Illinois, Urbana-Champaign. Her research focuses on genre history, women&apos;s writing, and the history of women in publishing.)</subfield>
  </datafield>
</record>