
<record>
  <leader>01246cz  a2200253n  4500</leader>
  <controlfield tag="001">8351610</controlfield>
  <controlfield tag="003">DLC</controlfield>
  <controlfield tag="005">20200102232405.0</controlfield>
  <controlfield tag="008">100722n| azannaabn          |a aaa      </controlfield>
  <datafield tag="010" ind1=" " ind2=" ">
    <subfield code="a">n 2010162214</subfield>
  </datafield>
  <datafield tag="040" ind1=" " ind2=" ">
    <subfield code="a">DLC</subfield>
    <subfield code="b">eng</subfield>
    <subfield code="c">DLC</subfield>
    <subfield code="d">DLC</subfield>
    <subfield code="e">rda</subfield>
  </datafield>
  <datafield tag="046" ind1=" " ind2=" ">
    <subfield code="f">1979-07-28</subfield>
    <subfield code="2">edtf</subfield>
  </datafield>
  <datafield tag="100" ind1="1" ind2=" ">
    <subfield code="a">Khanif, Al,</subfield>
    <subfield code="d">1979-</subfield>
  </datafield>
  <datafield tag="370" ind1=" " ind2=" ">
    <subfield code="a">Banyuwangi (Jawa Timur, Indonesia)</subfield>
    <subfield code="2">naf</subfield>
  </datafield>
  <datafield tag="373" ind1=" " ind2=" ">
    <subfield code="a">University of Lancaster</subfield>
    <subfield code="a">Universitas Negeri Jember. Fakultas Hukum</subfield>
    <subfield code="a">Universitas Gadjah Mada</subfield>
    <subfield code="a">Centre for Human Rights, Multiculturalism and Migration</subfield>
    <subfield code="2">naf</subfield>
  </datafield>
  <datafield tag="373" ind1=" " ind2=" ">
    <subfield code="a">University of London. School of Oriental and African Studies</subfield>
  </datafield>
  <datafield tag="374" ind1=" " ind2=" ">
    <subfield code="a">Lecturer</subfield>
  </datafield>
  <datafield tag="375" ind1=" " ind2=" ">
    <subfield code="a">male</subfield>
  </datafield>
  <datafield tag="377" ind1=" " ind2=" ">
    <subfield code="a">ind</subfield>
  </datafield>
  <datafield tag="400" ind1="0" ind2=" ">
    <subfield code="a">Al Khanif,</subfield>
    <subfield code="d">1979-</subfield>
  </datafield>
  <datafield tag="670" ind1=" " ind2=" ">
    <subfield code="a">Hukum dan kebebasan beragama di Indonesia, 2010:</subfield>
    <subfield code="b">t.p. (Al Khanif, S.H., M.A., LL.M.) cover p. 4 (b. July 28, 1979 in Banyuwangi; LL.M., Univ. of Lancaster)</subfield>
  </datafield>
  <datafield tag="670" ind1=" " ind2=" ">
    <subfield code="a">Pancasila sebagai realitas, 2016:</subfield>
    <subfield code="b">t.p. (Al Khanif) cover p. 4 (lecturer)</subfield>
  </datafield>
  <datafield tag="670" ind1=" " ind2=" ">
    <subfield code="a">Pancasila dalam pusaran globalisasi, 2017:</subfield>
    <subfield code="b">t.p. (Al-Khanif, S.H., LL.M., Ph.D) cover p. 4 (Sarjana Hukum, Univ. Jember; M.A., Univ. Gadjah Mada; Ph.D., SOAS Univ. London; dir.of the Centre for Human Rights, Multiculturalism, and Migration (CHRM2) Univ. Jember)</subfield>
  </datafield>
  <datafield tag="953" ind1=" " ind2=" ">
    <subfield code="a">wj19</subfield>
  </datafield>
</record>