
<record>
  <leader>00717cz  a2200193n  4500</leader>
  <controlfield tag="001">8522691</controlfield>
  <controlfield tag="003">DLC</controlfield>
  <controlfield tag="005">20200102045139.0</controlfield>
  <controlfield tag="008">110112n| acannaabn          |b aaa      </controlfield>
  <datafield tag="010" ind1=" " ind2=" ">
    <subfield code="a">n 2011206213</subfield>
  </datafield>
  <datafield tag="040" ind1=" " ind2=" ">
    <subfield code="a">DLC</subfield>
    <subfield code="b">eng</subfield>
    <subfield code="c">DLC</subfield>
    <subfield code="d">DLC</subfield>
  </datafield>
  <datafield tag="100" ind1="1" ind2=" ">
    <subfield code="a">Aḥmad Khān, Mujtabá</subfield>
  </datafield>
  <datafield tag="400" ind1="1" ind2=" ">
    <subfield code="a">Khān, Mujtabá Aḥmad</subfield>
  </datafield>
  <datafield tag="400" ind1="1" ind2=" ">
    <subfield code="a">Ahmad Khan, Mojtaba</subfield>
  </datafield>
  <datafield tag="400" ind1="1" ind2=" ">
    <subfield code="a">‏احمد خان، مجتبى</subfield>
  </datafield>
  <datafield tag="400" ind1="1" ind2=" ">
    <subfield code="a">خان، مجتبى احمد</subfield>
  </datafield>
  <datafield tag="667" ind1=" " ind2=" ">
    <subfield code="a">Non-Latin script references not evaluated.</subfield>
  </datafield>
  <datafield tag="670" ind1=" " ind2=" ">
    <subfield code="a">Kūdakān-i sarzamīn-i mā, 2008:</subfield>
    <subfield code="b">t.p. verso (مجتبى احمد خان = Mujtabá Aḥmad Khān; Iranian CIP data: Aḥmad Khān, Mujtabá) added t.p. verso (Mojtaba Ahmad Khan [in rom.])</subfield>
  </datafield>
  <datafield tag="953" ind1=" " ind2=" ">
    <subfield code="a">wk29</subfield>
  </datafield>
</record>