
<record>
  <leader>00620cz  a2200157n  4500</leader>
  <controlfield tag="001">8667891</controlfield>
  <controlfield tag="003">DLC</controlfield>
  <controlfield tag="005">20200102213742.0</controlfield>
  <controlfield tag="008">110607n| acannaabn          |a aaa      </controlfield>
  <datafield tag="010" ind1=" " ind2=" ">
    <subfield code="a">n 2011213279</subfield>
  </datafield>
  <datafield tag="040" ind1=" " ind2=" ">
    <subfield code="a">DLC</subfield>
    <subfield code="b">eng</subfield>
    <subfield code="c">DLC</subfield>
  </datafield>
  <datafield tag="100" ind1="1" ind2=" ">
    <subfield code="a">Dias Junior, José Armando Ponte</subfield>
  </datafield>
  <datafield tag="400" ind1="1" ind2=" ">
    <subfield code="a">Junior, José Armando Ponte Dias</subfield>
  </datafield>
  <datafield tag="400" ind1="1" ind2=" ">
    <subfield code="a">Ponte Dias Junior, José Armando</subfield>
  </datafield>
  <datafield tag="670" ind1=" " ind2=" ">
    <subfield code="a">Elegibilidade e moralidade, 2010:</subfield>
    <subfield code="b">t.p. (José Armando Ponte Dias Junior) front flap (juiz de direito da comarca de Natal/RN; mestre em direito, Univ. Federal do Ceará; professor, Univ. do Estado do Rio Grande do Norte (UERN))</subfield>
  </datafield>
  <datafield tag="953" ind1=" " ind2=" ">
    <subfield code="a">wr08</subfield>
  </datafield>
</record>