
<record>
  <leader>01413cz  a2200313n  4500</leader>
  <controlfield tag="001">8707147</controlfield>
  <controlfield tag="003">DLC</controlfield>
  <controlfield tag="005">20200102155341.0</controlfield>
  <controlfield tag="008">110719n| azannaabn          |b aaa      </controlfield>
  <datafield tag="010" ind1=" " ind2=" ">
    <subfield code="a">n 2011048463</subfield>
  </datafield>
  <datafield tag="035" ind1=" " ind2=" ">
    <subfield code="a">(OCoLC)oca08918966</subfield>
  </datafield>
  <datafield tag="040" ind1=" " ind2=" ">
    <subfield code="a">DLC</subfield>
    <subfield code="b">eng</subfield>
    <subfield code="e">rda</subfield>
    <subfield code="c">DLC</subfield>
    <subfield code="d">NjP</subfield>
    <subfield code="d">DLC</subfield>
    <subfield code="d">DLC</subfield>
  </datafield>
  <datafield tag="100" ind1="1" ind2=" ">
    <subfield code="a">Petkov, Sergeĭ</subfield>
  </datafield>
  <datafield tag="370" ind1=" " ind2=" ">
    <subfield code="c">Ukraine</subfield>
    <subfield code="2">naf</subfield>
  </datafield>
  <datafield tag="373" ind1=" " ind2=" ">
    <subfield code="a">Spilka z︠h︡urnalistiv Ukraïny</subfield>
    <subfield code="2">naf</subfield>
  </datafield>
  <datafield tag="374" ind1=" " ind2=" ">
    <subfield code="a">Journalists</subfield>
    <subfield code="2">lcsh</subfield>
  </datafield>
  <datafield tag="375" ind1=" " ind2=" ">
    <subfield code="a">male</subfield>
  </datafield>
  <datafield tag="377" ind1=" " ind2=" ">
    <subfield code="a">rus</subfield>
  </datafield>
  <datafield tag="378" ind1=" " ind2=" ">
    <subfield code="q">Sergeĭ Valerievich</subfield>
  </datafield>
  <datafield tag="400" ind1="1" ind2=" ">
    <subfield code="a">Petkov, S. V.</subfield>
    <subfield code="q">(Sergeĭ Valerievich)</subfield>
  </datafield>
  <datafield tag="400" ind1="1" ind2=" ">
    <subfield code="a">Pi︠e︡tkov, Serhiĭ</subfield>
  </datafield>
  <datafield tag="400" ind1="1" ind2=" ">
    <subfield code="a">Петков, Сергей</subfield>
  </datafield>
  <datafield tag="400" ind1="1" ind2=" ">
    <subfield code="a">Петков, С. В.</subfield>
    <subfield code="q">(Сергей Валериевич)</subfield>
  </datafield>
  <datafield tag="400" ind1="1" ind2=" ">
    <subfield code="a">Пєтков, Сергій</subfield>
  </datafield>
  <datafield tag="667" ind1=" " ind2=" ">
    <subfield code="a">Non-Latin script reference not evaluated</subfield>
  </datafield>
  <datafield tag="670" ind1=" " ind2=" ">
    <subfield code="a">Vari︠a︡gi, 2009:</subfield>
    <subfield code="b">t.p. (Сергей Петков = Sergeĭ Petkov) page 85 (Петков С.В. = Petkov S.V.; Petkov Sergeĭ Valerievich [in indirect order] = Петков Сергей Валериевич)</subfield>
  </datafield>
  <datafield tag="670" ind1=" " ind2=" ">
    <subfield code="a">Chetyre stolit︠s︡y Drevneĭ Rusi, 2016:</subfield>
    <subfield code="b">title page (Сергей Петков = Sergeĭ Petkov) colophon (Сергій Пєтков = Serhiĭ Pi︠e︡tkov)</subfield>
  </datafield>
  <datafield tag="670" ind1=" " ind2=" ">
    <subfield code="a">Velikiĭ kni︠a︡zʹ Svi︠a︡toslav, 2016:</subfield>
    <subfield code="b">page 4 of cover (ученый, журналист входит в Союз журанлистов Украины)</subfield>
  </datafield>
  <datafield tag="953" ind1=" " ind2=" ">
    <subfield code="a">fc04</subfield>
  </datafield>
</record>