
<record>
  <leader>00478cz  a2200157n  4500</leader>
  <controlfield tag="001">8750769</controlfield>
  <controlfield tag="003">DLC</controlfield>
  <controlfield tag="005">20200102091818.0</controlfield>
  <controlfield tag="008">110830n| azannaabn           a aaa      </controlfield>
  <datafield tag="010" ind1=" " ind2=" ">
    <subfield code="a">n 2011059474</subfield>
  </datafield>
  <datafield tag="040" ind1=" " ind2=" ">
    <subfield code="a">DLC</subfield>
    <subfield code="b">eng</subfield>
    <subfield code="e">rda</subfield>
    <subfield code="c">DLC</subfield>
    <subfield code="d">DLC</subfield>
  </datafield>
  <datafield tag="046" ind1=" " ind2=" ">
    <subfield code="f">1974-06-20</subfield>
    <subfield code="2">edtf</subfield>
  </datafield>
  <datafield tag="100" ind1="1" ind2=" ">
    <subfield code="a">Chandler, Matt,</subfield>
    <subfield code="d">1974-</subfield>
  </datafield>
  <datafield tag="400" ind1="1" ind2=" ">
    <subfield code="a">Chandler, Matthew,</subfield>
    <subfield code="d">1974-</subfield>
  </datafield>
  <datafield tag="670" ind1=" " ind2=" ">
    <subfield code="a">Chandler, Matt. The explicit Gospel, c2012:</subfield>
    <subfield code="b">ECIP t.p. (Matt Chandler) data view (Chandler, Matthew; b. 06-20-74)</subfield>
  </datafield>
  <datafield tag="953" ind1=" " ind2=" ">
    <subfield code="a">rc13</subfield>
  </datafield>
</record>