
<record>
  <leader>01095cz  a2200181n  4500</leader>
  <controlfield tag="001">8933043</controlfield>
  <controlfield tag="003">DLC</controlfield>
  <controlfield tag="005">20200102011648.0</controlfield>
  <controlfield tag="008">120314n| acannaabn          |b ana      </controlfield>
  <datafield tag="010" ind1=" " ind2=" ">
    <subfield code="a">n 2012220558</subfield>
  </datafield>
  <datafield tag="040" ind1=" " ind2=" ">
    <subfield code="a">DLC</subfield>
    <subfield code="b">eng</subfield>
    <subfield code="c">DLC</subfield>
    <subfield code="d">DLC</subfield>
  </datafield>
  <datafield tag="110" ind1="2" ind2=" ">
    <subfield code="a">Da Afghānistān da Bashar da Ḥuqūqo da Khpalwāk Kamīsiyūn.</subfield>
    <subfield code="b">Bakhsh-i Taʻlīmāt</subfield>
  </datafield>
  <datafield tag="410" ind1="2" ind2=" ">
    <subfield code="a">‏د افغانستان د بشر د حقوقو د خپلواک کميسيون.‏</subfield>
    <subfield code="b">‏بخش تعليمات</subfield>
  </datafield>
  <datafield tag="410" ind1="2" ind2=" ">
    <subfield code="a">Da Afghānistān da Bashar da Ḥuqūqo da Khpalwāk Kamīsiyūn.</subfield>
    <subfield code="b">Bakhsh-i Taʻlīm va Tarbiyah</subfield>
  </datafield>
  <datafield tag="667" ind1=" " ind2=" ">
    <subfield code="a">Non-Latin script reference not evaluated</subfield>
  </datafield>
  <datafield tag="670" ind1=" " ind2=" ">
    <subfield code="a">Āmūzish-i ḥuqūq-i Bashar, 2008?:</subfield>
    <subfield code="b">cover (کميسيون مستقل حقوق بشر افغانستان، بخش تعليمات = Kumīsiyūn-i Mustaqil-i Ḥuqūq-i Bashar-i Afghānistān, Bakhsh-i Taʻlīmāt)</subfield>
  </datafield>
  <datafield tag="670" ind1=" " ind2=" ">
    <subfield code="a">Ḥaqq-i mā va ḥaqq-i shumā dar Iʻlāmiyah-i Jahānī-i Ḥuqūq-i Bashar, 2003 or 2004:</subfield>
    <subfield code="b">t.p. (Afghanistan Independent Human Rights Commission, Bakhsh-i Taʻlīm va Tarbiyah)</subfield>
  </datafield>
  <datafield tag="953" ind1=" " ind2=" ">
    <subfield code="a">wk29</subfield>
    <subfield code="b">wk29</subfield>
  </datafield>
</record>