
<record>
  <leader>00401cz  a2200133n  4500</leader>
  <controlfield tag="001">9075016</controlfield>
  <controlfield tag="003">DLC</controlfield>
  <controlfield tag="005">20200102165037.0</controlfield>
  <controlfield tag="008">120822n| azannaabn          |n aaa     c</controlfield>
  <datafield tag="010" ind1=" " ind2=" ">
    <subfield code="a">no2012113150</subfield>
  </datafield>
  <datafield tag="035" ind1=" " ind2=" ">
    <subfield code="a">(OCoLC)oca09283209</subfield>
  </datafield>
  <datafield tag="040" ind1=" " ind2=" ">
    <subfield code="a">CtWhU-Mu</subfield>
    <subfield code="b">eng</subfield>
    <subfield code="e">rda</subfield>
    <subfield code="c">CtWhU-Mu</subfield>
    <subfield code="d">DLC</subfield>
  </datafield>
  <datafield tag="100" ind1="1" ind2=" ">
    <subfield code="a">Salzberg, Marvin</subfield>
  </datafield>
  <datafield tag="670" ind1=" " ind2=" ">
    <subfield code="a">Combinational and derivational procedures in twelve-tone music, 1960:</subfield>
    <subfield code="b">t.p. (Marvin Salzberg)</subfield>
  </datafield>
</record>