
<record>
  <leader>01564cz  a2200253n  4500</leader>
  <controlfield tag="001">9396223</controlfield>
  <controlfield tag="003">DLC</controlfield>
  <controlfield tag="005">20200102114711.0</controlfield>
  <controlfield tag="008">131031n| azannaabn          |a aaa      </controlfield>
  <datafield tag="010" ind1=" " ind2=" ">
    <subfield code="a">n 2013064635</subfield>
  </datafield>
  <datafield tag="040" ind1=" " ind2=" ">
    <subfield code="a">DLC</subfield>
    <subfield code="b">eng</subfield>
    <subfield code="c">DLC</subfield>
    <subfield code="e">rda</subfield>
    <subfield code="d">DLC</subfield>
  </datafield>
  <datafield tag="100" ind1="0" ind2=" ">
    <subfield code="a">Ogier,</subfield>
    <subfield code="c">of Locedio, Abbot of Locedio,</subfield>
    <subfield code="d">-1214.</subfield>
    <subfield code="t">De planctu Beatae Mariae Virginis</subfield>
  </datafield>
  <datafield tag="400" ind1="0" ind2=" ">
    <subfield code="a">Bernard,</subfield>
    <subfield code="c">of Clairvaux, Saint,</subfield>
    <subfield code="d">1090 or 1091-1153.</subfield>
    <subfield code="t">De planctu Beatae Mariae Virginis</subfield>
  </datafield>
  <datafield tag="400" ind1="0" ind2=" ">
    <subfield code="a">Ogier,</subfield>
    <subfield code="c">of Locedio, Abbot of Locedio,</subfield>
    <subfield code="d">-1214.</subfield>
    <subfield code="t">Tractatus brevis cuiusdam de planctu Mariae</subfield>
  </datafield>
  <datafield tag="400" ind1="0" ind2=" ">
    <subfield code="a">Ogier,</subfield>
    <subfield code="c">of Locedio, Abbot of Locedio,</subfield>
    <subfield code="d">-1214.</subfield>
    <subfield code="t">Tractatus brevis cuiusdam de planctu Mariae</subfield>
  </datafield>
  <datafield tag="400" ind1="0" ind2=" ">
    <subfield code="a">Ogier,</subfield>
    <subfield code="c">of Locedio, Abbot of Locedio,</subfield>
    <subfield code="d">-1214.</subfield>
    <subfield code="t">Tractatulo de planctu Marie</subfield>
  </datafield>
  <datafield tag="400" ind1="0" ind2=" ">
    <subfield code="a">Ogier,</subfield>
    <subfield code="c">of Locedio, Abbot of Locedio,</subfield>
    <subfield code="d">-1214.</subfield>
    <subfield code="t">Planctu B. M. V.</subfield>
  </datafield>
  <datafield tag="400" ind1="0" ind2=" ">
    <subfield code="a">Ogier,</subfield>
    <subfield code="c">of Locedio, Abbot of Locedio,</subfield>
    <subfield code="d">-1214.</subfield>
    <subfield code="t">Tractatus de planctu Mariae</subfield>
  </datafield>
  <datafield tag="670" ind1=" " ind2=" ">
    <subfield code="a">Passio christi ex quattuor eua[n]gelistis, Anno domini Mcccclxxxvij 1487:</subfield>
    <subfield code="b">t.p. (Cum tractatulo de pla[n]ctu Marie); leaf f4 verso (Tractatus breuis cuiusda[m] de pla[n]ctu Marie)</subfield>
  </datafield>
  <datafield tag="670" ind1=" " ind2=" ">
    <subfield code="a">ISTC, database, 14 Nov. 2019</subfield>
    <subfield code="b">ib00421000 (&quot;In fact by Oglerius de Tridino ...&quot;)</subfield>
  </datafield>
  <datafield tag="670" ind1=" " ind2=" ">
    <subfield code="a">Janauschek, L. Bib. Bernardina, 1959:</subfield>
    <subfield code="b">p. 30, no. 94 (Planctu B. M. V.; attribution to Bernard of Clairvaux)</subfield>
  </datafield>
  <datafield tag="670" ind1=" " ind2=" ">
    <subfield code="a">GW, database, 14 Nov. 2019</subfield>
    <subfield code="b">4056 (Pseudo-Bernardus)</subfield>
  </datafield>
  <datafield tag="670" ind1=" " ind2=" ">
    <subfield code="a">Baier, W. Untersuchungen zu den Passionbetrachtungen in der Vita Christi des Ludolf von Sachsen ..., 1977:</subfield>
    <subfield code="b">v. 2, p. 279ff (by Oglerius v. Tridino)</subfield>
  </datafield>
  <datafield tag="953" ind1=" " ind2=" ">
    <subfield code="a">he04</subfield>
    <subfield code="b">he04</subfield>
  </datafield>
</record>