
<record>
  <leader>01002cz  a2200193n  4500</leader>
  <controlfield tag="001">9545362</controlfield>
  <controlfield tag="003">DLC</controlfield>
  <controlfield tag="005">20200102112808.0</controlfield>
  <controlfield tag="008">140507n| azannaabn          |n aaa      </controlfield>
  <datafield tag="010" ind1=" " ind2=" ">
    <subfield code="a">n 2014184406</subfield>
    <subfield code="z">n 2019060197</subfield>
  </datafield>
  <datafield tag="035" ind1=" " ind2=" ">
    <subfield code="a">(OCoLC)oca09754420</subfield>
  </datafield>
  <datafield tag="040" ind1=" " ind2=" ">
    <subfield code="a">DNLM</subfield>
    <subfield code="b">eng</subfield>
    <subfield code="e">rda</subfield>
    <subfield code="c">DNLM</subfield>
    <subfield code="d">DNLM</subfield>
    <subfield code="d">DLC</subfield>
  </datafield>
  <datafield tag="046" ind1=" " ind2=" ">
    <subfield code="f">19771207</subfield>
  </datafield>
  <datafield tag="100" ind1="1" ind2=" ">
    <subfield code="a">Househ, Mowafa,</subfield>
    <subfield code="d">1977-</subfield>
  </datafield>
  <datafield tag="373" ind1=" " ind2=" ">
    <subfield code="a">Jāmiʻat Ḥamad ibn Khalīfah</subfield>
    <subfield code="2">lcnaf</subfield>
  </datafield>
  <datafield tag="378" ind1=" " ind2=" ">
    <subfield code="q">Mowafa S.</subfield>
  </datafield>
  <datafield tag="670" ind1=" " ind2=" ">
    <subfield code="a">Social media and mobile technologies for healthcare, 2014:</subfield>
    <subfield code="b">ECIP t.p. (Mowafa Househ) ECIP data view (b. 12/07/1977)</subfield>
  </datafield>
  <datafield tag="670" ind1=" " ind2=" ">
    <subfield code="a">Integrating information technology and management for quality of care, 2014:</subfield>
    <subfield code="b">t.p. (Mowafa S. Househ, College of Public Health and Health Informatics, King Saud bin Abdulaziz University for Health Sciences, Riyadh, Saudi Arabia)</subfield>
  </datafield>
  <datafield tag="670" ind1=" " ind2=" ">
    <subfield code="a">Health informatics vision, 2019:</subfield>
    <subfield code="b">t.p. (Mowafa S. Househ, Information and Computing Technology Division, College of Science and Engineering, Hamad Bin Khalifa University (HBKU), Doha, Qatar)</subfield>
  </datafield>
</record>