
<record>
  <leader>00809cz  a2200193n  4500</leader>
  <controlfield tag="001">9558507</controlfield>
  <controlfield tag="003">DLC</controlfield>
  <controlfield tag="005">20200102135513.0</controlfield>
  <controlfield tag="008">140521n| azannaabn          |b aaa      </controlfield>
  <datafield tag="010" ind1=" " ind2=" ">
    <subfield code="a">n 2014028920</subfield>
  </datafield>
  <datafield tag="040" ind1=" " ind2=" ">
    <subfield code="a">DLC</subfield>
    <subfield code="b">eng</subfield>
    <subfield code="c">DLC</subfield>
    <subfield code="e">rda</subfield>
    <subfield code="d">DLC</subfield>
  </datafield>
  <datafield tag="100" ind1="1" ind2=" ">
    <subfield code="a">Zhdanov, P. S.</subfield>
    <subfield code="q">(Pavel Sergeevich)</subfield>
  </datafield>
  <datafield tag="375" ind1=" " ind2=" ">
    <subfield code="a">male</subfield>
  </datafield>
  <datafield tag="377" ind1=" " ind2=" ">
    <subfield code="a">rus</subfield>
  </datafield>
  <datafield tag="400" ind1="1" ind2=" ">
    <subfield code="w">nnea</subfield>
    <subfield code="a">Zhdanov, Pavel Sergeevich</subfield>
  </datafield>
  <datafield tag="400" ind1="1" ind2=" ">
    <subfield code="a">Жданов, П. C.</subfield>
    <subfield code="q">(Павел Сергеевич)</subfield>
  </datafield>
  <datafield tag="400" ind1="1" ind2=" ">
    <subfield code="a">Жданов, Павел Сергеевич</subfield>
  </datafield>
  <datafield tag="667" ind1=" " ind2=" ">
    <subfield code="a">Non-Latin script reference not evaluated</subfield>
  </datafield>
  <datafield tag="670" ind1=" " ind2=" ">
    <subfield code="a">Ėtiko-pravovye kont︠s︡ept︠s︡ii v russkoĭ religioznoĭ filosofii kont︠s︡a XIX--pervoĭ poloviny XX veka, 2012:</subfield>
    <subfield code="b">t.p. (П.С. Жданов = P.S. Zhdanov) colophon (Жданов Павел Сергеевич =  Zhdanov Pavel Sergeevich)</subfield>
  </datafield>
</record>