
<record>
  <leader>00428cz  a2200145n  4500</leader>
  <controlfield tag="001">9710112</controlfield>
  <controlfield tag="003">DLC</controlfield>
  <controlfield tag="005">20200102144234.0</controlfield>
  <controlfield tag="008">141114n| azannaabn          |n aaa      </controlfield>
  <datafield tag="010" ind1=" " ind2=" ">
    <subfield code="a">n 2014071064</subfield>
  </datafield>
  <datafield tag="040" ind1=" " ind2=" ">
    <subfield code="a">DLC</subfield>
    <subfield code="b">eng</subfield>
    <subfield code="e">rda</subfield>
    <subfield code="c">DLC</subfield>
    <subfield code="d">DLC</subfield>
  </datafield>
  <datafield tag="046" ind1=" " ind2=" ">
    <subfield code="f">1950-01-17</subfield>
    <subfield code="2">edtf</subfield>
  </datafield>
  <datafield tag="100" ind1="1" ind2=" ">
    <subfield code="a">Harned, Glenn M.,</subfield>
    <subfield code="d">1950-</subfield>
  </datafield>
  <datafield tag="377" ind1=" " ind2=" ">
    <subfield code="a">eng</subfield>
  </datafield>
  <datafield tag="670" ind1=" " ind2=" ">
    <subfield code="a">Marine Corps generals, 1899-1936, 2015:</subfield>
    <subfield code="b">t.p. (Glenn M. Harned) data view (b. Jan 17, 1950; lives in VA)</subfield>
  </datafield>
</record>