
<record>
  <leader>00647cz  a2200169n  4500</leader>
  <controlfield tag="001">9739251</controlfield>
  <controlfield tag="003">DLC</controlfield>
  <controlfield tag="005">20200102135311.0</controlfield>
  <controlfield tag="008">141219n| azannaabn          |a aaa     c</controlfield>
  <datafield tag="010" ind1=" " ind2=" ">
    <subfield code="a">no2014167511</subfield>
  </datafield>
  <datafield tag="035" ind1=" " ind2=" ">
    <subfield code="a">(OCoLC)oca10044741</subfield>
  </datafield>
  <datafield tag="040" ind1=" " ind2=" ">
    <subfield code="a">InU</subfield>
    <subfield code="b">eng</subfield>
    <subfield code="e">rda</subfield>
    <subfield code="c">InU</subfield>
    <subfield code="d">DLC</subfield>
    <subfield code="d">HU</subfield>
    <subfield code="d">DLC</subfield>
  </datafield>
  <datafield tag="053" ind1=" " ind2="0">
    <subfield code="a">PS3618.O8638</subfield>
  </datafield>
  <datafield tag="100" ind1="1" ind2=" ">
    <subfield code="a">Roth-Fisch, Marla</subfield>
  </datafield>
  <datafield tag="372" ind1=" " ind2=" ">
    <subfield code="a">Illustrators</subfield>
    <subfield code="2">lcsh</subfield>
  </datafield>
  <datafield tag="400" ind1="1" ind2=" ">
    <subfield code="a">Fisch, Marla Roth-</subfield>
  </datafield>
  <datafield tag="670" ind1=" " ind2=" ">
    <subfield code="a">Roth-Fisch, Marla. Sensitive Sam visits the dentist, c2014:</subfield>
    <subfield code="b">title page (Marla Roth-Fisch; author, illustrator) page 4 of cover (Marla is an active board member at the Sensory Processing Disorder Foundation and livers near Denver, Colorado)</subfield>
  </datafield>
</record>