
<record>
  <leader>00694cz  a2200157n  4500</leader>
  <controlfield tag="001">10043248</controlfield>
  <controlfield tag="003">DLC</controlfield>
  <controlfield tag="005">20200102090741.0</controlfield>
  <controlfield tag="008">151222n| azannaabn           n aaa     c</controlfield>
  <datafield tag="010" ind1=" " ind2=" ">
    <subfield code="a">no2015169524</subfield>
  </datafield>
  <datafield tag="035" ind1=" " ind2=" ">
    <subfield code="a">(OCoLC)oca10350475</subfield>
  </datafield>
  <datafield tag="040" ind1=" " ind2=" ">
    <subfield code="a">FU</subfield>
    <subfield code="b">eng</subfield>
    <subfield code="e">rda</subfield>
    <subfield code="c">FU</subfield>
    <subfield code="d">NcD</subfield>
    <subfield code="d">DLC</subfield>
  </datafield>
  <datafield tag="046" ind1=" " ind2=" ">
    <subfield code="f">1970-06-14</subfield>
    <subfield code="2">edtf</subfield>
  </datafield>
  <datafield tag="100" ind1="1" ind2=" ">
    <subfield code="a">Reyes, Ana María</subfield>
    <subfield code="c">(College teacher)</subfield>
  </datafield>
  <datafield tag="670" ind1=" " ind2=" ">
    <subfield code="a">Shanahan, Maureen G. Simón Bolívar, 2016:</subfield>
    <subfield code="b">eCIP (Ana María Reyes is assistant professor of art history at Boston University)</subfield>
  </datafield>
  <datafield tag="670" ind1=" " ind2=" ">
    <subfield code="a">Reyes, Ana María, The politics of taste, 2019:</subfield>
    <subfield code="b">eCIP data view (Reyes, Ana Maríe; born 6/14/70; author, with Maureen Shanahan, of &quot;Simon Bolivar&quot; 2016) eCIP title page (Ana María Reyes)</subfield>
  </datafield>
</record>