
<record>
  <leader>01136cz  a2200205n  4500</leader>
  <controlfield tag="001">10079604</controlfield>
  <controlfield tag="003">DLC</controlfield>
  <controlfield tag="005">20200102151927.0</controlfield>
  <controlfield tag="008">160211n| azannaabn          |a ana     c</controlfield>
  <datafield tag="010" ind1=" " ind2=" ">
    <subfield code="a">no2016018643</subfield>
  </datafield>
  <datafield tag="035" ind1=" " ind2=" ">
    <subfield code="a">(OCoLC)oca10387754</subfield>
  </datafield>
  <datafield tag="040" ind1=" " ind2=" ">
    <subfield code="a">UkCU</subfield>
    <subfield code="b">eng</subfield>
    <subfield code="e">rda</subfield>
    <subfield code="c">UkCU</subfield>
    <subfield code="d">DLC</subfield>
  </datafield>
  <datafield tag="111" ind1="2" ind2=" ">
    <subfield code="a">Congreso Internacional Hispanoamericano de Historia de la Construcción</subfield>
  </datafield>
  <datafield tag="368" ind1=" " ind2=" ">
    <subfield code="a">Congresses and conventions</subfield>
    <subfield code="2">lcsh</subfield>
  </datafield>
  <datafield tag="372" ind1=" " ind2=" ">
    <subfield code="a">Civil engineering</subfield>
    <subfield code="2">lcsh</subfield>
  </datafield>
  <datafield tag="377" ind1=" " ind2=" ">
    <subfield code="a">spa</subfield>
  </datafield>
  <datafield tag="411" ind1="2" ind2=" ">
    <subfield code="a">CHAHC</subfield>
  </datafield>
  <datafield tag="667" ind1=" " ind2=" ">
    <subfield code="a">See also related access points for individual instances of this conference which include specific information about the number, date, or place of the individual conference.</subfield>
  </datafield>
  <datafield tag="670" ind1=" " ind2=" ">
    <subfield code="a">Congreso Nacional de Historia de la Construcción (9th : 2015 : Segovia, Spain). Actas del Noveno Congreso Nacional y Primer Congreso Internacional Hispanoamericano de Historia de la Construcción, 2015:</subfield>
    <subfield code="b">title page (Primer Congreso Internacional Hispanoamericano de Historia de la Construcción; held October 13-17, 2015 in Segovia, Spain)</subfield>
  </datafield>
  <datafield tag="670" ind1=" " ind2=" ">
    <subfield code="a">III Congreso Internacional Hispanoamericano de Historia de la Construcción, 2019:</subfield>
    <subfield code="b">p. xvi (CHAHC)</subfield>
  </datafield>
</record>