
<record>
  <leader>01825cz  a2200301n  4500</leader>
  <controlfield tag="001">10101240</controlfield>
  <controlfield tag="003">DLC</controlfield>
  <controlfield tag="005">20200102124033.0</controlfield>
  <controlfield tag="008">160307n| azannaabn          |b aaa     c</controlfield>
  <datafield tag="010" ind1=" " ind2=" ">
    <subfield code="a">no2016031231</subfield>
  </datafield>
  <datafield tag="035" ind1=" " ind2=" ">
    <subfield code="a">(OCoLC)oca10411362</subfield>
  </datafield>
  <datafield tag="040" ind1=" " ind2=" ">
    <subfield code="a">NjP</subfield>
    <subfield code="b">eng</subfield>
    <subfield code="e">rda</subfield>
    <subfield code="c">NjP</subfield>
    <subfield code="d">DLC</subfield>
  </datafield>
  <datafield tag="046" ind1=" " ind2=" ">
    <subfield code="f">1848-11-30</subfield>
    <subfield code="g">1921-09-04</subfield>
    <subfield code="2">edtf</subfield>
  </datafield>
  <datafield tag="100" ind1="1" ind2=" ">
    <subfield code="a">Kotarbiński, Wilhelm,</subfield>
    <subfield code="d">1848-1921</subfield>
  </datafield>
  <datafield tag="370" ind1=" " ind2=" ">
    <subfield code="a">Nieborów (Poland)</subfield>
    <subfield code="b">Kyïv (Ukraine)</subfield>
    <subfield code="2">naf</subfield>
  </datafield>
  <datafield tag="374" ind1=" " ind2=" ">
    <subfield code="a">Artists</subfield>
    <subfield code="2">lcsh</subfield>
  </datafield>
  <datafield tag="375" ind1=" " ind2=" ">
    <subfield code="a">male</subfield>
  </datafield>
  <datafield tag="400" ind1="1" ind2=" ">
    <subfield code="a">Kotarbinskiĭ, Vasiliĭ Aleksandrovich,</subfield>
    <subfield code="d">1848-1921</subfield>
  </datafield>
  <datafield tag="400" ind1="1" ind2=" ">
    <subfield code="a">Kotarbinskiĭ, Vilʹgelʹm,</subfield>
    <subfield code="d">1848-1921</subfield>
  </datafield>
  <datafield tag="400" ind1="1" ind2=" ">
    <subfield code="a">Kotarbinsʹkyĭ, Vil&apos;hel&apos;m Oleksandrovych,</subfield>
    <subfield code="d">1848-1921</subfield>
  </datafield>
  <datafield tag="400" ind1="1" ind2=" ">
    <subfield code="a">Котарбінський, Вільгельм Олександрович,</subfield>
    <subfield code="d">1848-1921</subfield>
  </datafield>
  <datafield tag="400" ind1="1" ind2=" ">
    <subfield code="a">Котарбінський, Вільгельм Олександрович,</subfield>
    <subfield code="d">1848-1921</subfield>
  </datafield>
  <datafield tag="400" ind1="1" ind2=" ">
    <subfield code="a">Котарбинский, Василий Александрович,</subfield>
    <subfield code="d">1848-1921</subfield>
  </datafield>
  <datafield tag="400" ind1="1" ind2=" ">
    <subfield code="a">Котарбинский, Вильгельм,</subfield>
    <subfield code="d">1848-1921</subfield>
  </datafield>
  <datafield tag="667" ind1=" " ind2=" ">
    <subfield code="a">Non-Latin script reference not evaluated.</subfield>
  </datafield>
  <datafield tag="670" ind1=" " ind2=" ">
    <subfield code="a">Vilʹgelʹm Kotarbinskiĭ, 2015:</subfield>
    <subfield code="b">title page (Вильгельм Котарбинский = Vilʹgelʹm Kotarbinskiĭ; Wilhelm Kotarbiński)</subfield>
  </datafield>
  <datafield tag="670" ind1=" " ind2=" ">
    <subfield code="a">Wikipedia, January 2, 2020</subfield>
    <subfield code="b">(Wilhelm Kotarbiński; Ukrainian: Вільгельм Олександрович Котарбінський = Vil&apos;hel&apos;m Oleksandrovych Kotarbinsʹkyĭ; Russian: Василий Александрович Котарбинский = Vasiliĭ Aleksandrovich Kotarbinskiĭ; born 30 November 1848, Nieborów; died 4 September 1921, Kiev; a Polish symbolist painter of historical and fantastical subjects, who spent most of his life in Kiev and the Russian Empire)</subfield>
    <subfield code="u">https://en.wikipedia.org/wiki/Wilhelm_Kotarbi%C5%84ski</subfield>
  </datafield>
  <datafield tag="953" ind1=" " ind2=" ">
    <subfield code="a">fc04</subfield>
  </datafield>
</record>