
<record>
  <leader>00539cz  a2200157n  4500</leader>
  <controlfield tag="001">10106348</controlfield>
  <controlfield tag="003">DLC</controlfield>
  <controlfield tag="005">20200102144137.0</controlfield>
  <controlfield tag="008">160314n| azannaabn          |a aaa      </controlfield>
  <datafield tag="010" ind1=" " ind2=" ">
    <subfield code="a">n 2016013462</subfield>
  </datafield>
  <datafield tag="040" ind1=" " ind2=" ">
    <subfield code="a">DLC</subfield>
    <subfield code="c">DLC</subfield>
    <subfield code="e">rda</subfield>
  </datafield>
  <datafield tag="100" ind1="1" ind2=" ">
    <subfield code="a">Lajtos, Nóra,</subfield>
    <subfield code="d">1977-</subfield>
    <subfield code="t">Essays.</subfield>
    <subfield code="k">Selections</subfield>
  </datafield>
  <datafield tag="400" ind1="1" ind2=" ">
    <subfield code="a">Lajtos, Nóra,</subfield>
    <subfield code="d">1977-</subfield>
    <subfield code="t">Tiszta beszéd varázsa</subfield>
  </datafield>
  <datafield tag="400" ind1="1" ind2=" ">
    <subfield code="a">Lajtos, Nóra,</subfield>
    <subfield code="d">1977-</subfield>
    <subfield code="t">A Szerzőbe oltott tisztelet jogán</subfield>
  </datafield>
  <datafield tag="670" ind1=" " ind2=" ">
    <subfield code="a">A tiszta beszéd varázsa, 2014:</subfield>
    <subfield code="b">t.p. (tanulmányok)</subfield>
  </datafield>
  <datafield tag="670" ind1=" " ind2=" ">
    <subfield code="a">Szerzőbe oltott tisztelet jogán, 2019</subfield>
  </datafield>
</record>