
<record>
  <leader>01224cz  a2200217n  4500</leader>
  <controlfield tag="001">10399503</controlfield>
  <controlfield tag="003">DLC</controlfield>
  <controlfield tag="005">20200102213630.0</controlfield>
  <controlfield tag="008">170313n| azannaabn          |a ana     c</controlfield>
  <datafield tag="010" ind1=" " ind2=" ">
    <subfield code="a">no2017031661</subfield>
  </datafield>
  <datafield tag="035" ind1=" " ind2=" ">
    <subfield code="a">(OCoLC)oca10732192</subfield>
  </datafield>
  <datafield tag="040" ind1=" " ind2=" ">
    <subfield code="a">UkCU</subfield>
    <subfield code="b">eng</subfield>
    <subfield code="e">rda</subfield>
    <subfield code="c">UkCU</subfield>
    <subfield code="d">MoSR</subfield>
  </datafield>
  <datafield tag="110" ind1="2" ind2=" ">
    <subfield code="a">Culturespaces (Organization)</subfield>
  </datafield>
  <datafield tag="368" ind1=" " ind2=" ">
    <subfield code="a">Endowments</subfield>
    <subfield code="2">lcsh</subfield>
  </datafield>
  <datafield tag="370" ind1=" " ind2=" ">
    <subfield code="c">France</subfield>
    <subfield code="e">Paris (France)</subfield>
    <subfield code="2">naf</subfield>
  </datafield>
  <datafield tag="372" ind1=" " ind2=" ">
    <subfield code="a">Art--Exhibitions</subfield>
    <subfield code="a">Arts--Endowments</subfield>
    <subfield code="2">lcsh</subfield>
  </datafield>
  <datafield tag="373" ind1=" " ind2=" ">
    <subfield code="a">Hôtel de Caumont (Aix-en-Provence, France)</subfield>
    <subfield code="2">naf</subfield>
  </datafield>
  <datafield tag="410" ind1="2" ind2=" ">
    <subfield code="w">nne</subfield>
    <subfield code="a">Culturespaces (Firm)</subfield>
  </datafield>
  <datafield tag="670" ind1=" " ind2=" ">
    <subfield code="a">Sisley, Alfred. Alfred Sisley, January 2017:</subfield>
    <subfield code="b">page xiv (exhibition organization, Hôtel de Caumont Centre d&apos;Art (Culturespaces)) page 17 (Culturespaces, Paris)</subfield>
  </datafield>
  <datafield tag="670" ind1=" " ind2=" ">
    <subfield code="a">Florence, 2015:</subfield>
    <subfield code="b">t.p. (Culturespaces, an art foundation) verso (based in France)</subfield>
  </datafield>
  <datafield tag="670" ind1=" " ind2=" ">
    <subfield code="a">Culturespaces WWW pages, February 21, 2017</subfield>
    <subfield code="b">(Culturespaces; pursues a development policy based on support for local authorities and public institutions, developing multimedia exhibitions and creating its own cultural institutions; acquired the Hôtel de Caumont - Art Centre in 2010; exhibitions organized: Florence, portraits at the Medici court (2015), Sisley l&apos;impressionniste (2017), etc.)</subfield>
  </datafield>
</record>