
<record>
  <leader>00510cz  a2200169n  4500</leader>
  <controlfield tag="001">10632581</controlfield>
  <controlfield tag="003">DLC</controlfield>
  <controlfield tag="005">20200102163916.0</controlfield>
  <controlfield tag="008">171218n| azannaabn          |a aaa      </controlfield>
  <datafield tag="010" ind1=" " ind2=" ">
    <subfield code="a">n 2017074664</subfield>
  </datafield>
  <datafield tag="040" ind1=" " ind2=" ">
    <subfield code="a">DLC</subfield>
    <subfield code="b">eng</subfield>
    <subfield code="c">DLC</subfield>
    <subfield code="e">rda</subfield>
  </datafield>
  <datafield tag="100" ind1="1" ind2=" ">
    <subfield code="a">Bagdasari︠a︡n, Robert,</subfield>
    <subfield code="d">1947-</subfield>
    <subfield code="t">Short stories.</subfield>
    <subfield code="k">Selections</subfield>
  </datafield>
  <datafield tag="400" ind1="1" ind2=" ">
    <subfield code="a">Bagdasari︠a︡n, Robert,</subfield>
    <subfield code="d">1947-</subfield>
    <subfield code="t">Grimasy vremeni</subfield>
  </datafield>
  <datafield tag="400" ind1="1" ind2=" ">
    <subfield code="a">Bagdasari︠a︡n, Robert,</subfield>
    <subfield code="d">1947-</subfield>
    <subfield code="t">Sueta suet</subfield>
  </datafield>
  <datafield tag="670" ind1=" " ind2=" ">
    <subfield code="a">Grimasy vremeni, 2012.</subfield>
  </datafield>
  <datafield tag="670" ind1=" " ind2=" ">
    <subfield code="a">Sueta suet, 2014.</subfield>
  </datafield>
  <datafield tag="953" ind1=" " ind2=" ">
    <subfield code="a">cd16</subfield>
  </datafield>
</record>