
<record>
  <leader>00473cz  a2200157n  4500</leader>
  <controlfield tag="001">10639830</controlfield>
  <controlfield tag="003">DLC</controlfield>
  <controlfield tag="005">20200102134715.0</controlfield>
  <controlfield tag="008">180102n| azannaabn          |n aaa      </controlfield>
  <datafield tag="010" ind1=" " ind2=" ">
    <subfield code="a">n 2018000247</subfield>
  </datafield>
  <datafield tag="040" ind1=" " ind2=" ">
    <subfield code="a">DLC</subfield>
    <subfield code="b">eng</subfield>
    <subfield code="e">rda</subfield>
    <subfield code="c">DLC</subfield>
  </datafield>
  <datafield tag="046" ind1=" " ind2=" ">
    <subfield code="f">1990</subfield>
  </datafield>
  <datafield tag="100" ind1="1" ind2=" ">
    <subfield code="a">Collina, Sumiti</subfield>
  </datafield>
  <datafield tag="670" ind1=" " ind2=" ">
    <subfield code="a">I can only imagine, 2018:</subfield>
    <subfield code="b">E-CIP t.p. (Sumiti Collina)</subfield>
  </datafield>
  <datafield tag="670" ind1=" " ind2=" ">
    <subfield code="a">Katarina Ballerina, 2020:</subfield>
    <subfield code="b">ECIP title page (Sumiti Collina) end note (b. 1990 in Ravenna, Italy)</subfield>
  </datafield>
  <datafield tag="953" ind1=" " ind2=" ">
    <subfield code="a">xx00</subfield>
    <subfield code="b">xk09</subfield>
  </datafield>
</record>