
<record>
  <leader>01876cz  a2200253n  4500</leader>
  <controlfield tag="001">10734734</controlfield>
  <controlfield tag="003">DLC</controlfield>
  <controlfield tag="005">20200102192503.0</controlfield>
  <controlfield tag="008">180425n| azannaabn          |a aaa     c</controlfield>
  <datafield tag="010" ind1=" " ind2=" ">
    <subfield code="a">no2018056002</subfield>
    <subfield code="z">no2019071759</subfield>
  </datafield>
  <datafield tag="035" ind1=" " ind2=" ">
    <subfield code="a">(OCoLC)oca11315133</subfield>
  </datafield>
  <datafield tag="040" ind1=" " ind2=" ">
    <subfield code="a">DSI</subfield>
    <subfield code="b">eng</subfield>
    <subfield code="e">rda</subfield>
    <subfield code="c">DSI</subfield>
    <subfield code="d">MoSR</subfield>
    <subfield code="d">DLC</subfield>
  </datafield>
  <datafield tag="100" ind1="1" ind2=" ">
    <subfield code="a">Gates Moresi, Michèle</subfield>
  </datafield>
  <datafield tag="370" ind1=" " ind2=" ">
    <subfield code="c">United States</subfield>
    <subfield code="e">Washington (D.C.)</subfield>
    <subfield code="2">naf</subfield>
  </datafield>
  <datafield tag="373" ind1=" " ind2=" ">
    <subfield code="a">George Washington University</subfield>
    <subfield code="2">naf</subfield>
    <subfield code="t">2003</subfield>
  </datafield>
  <datafield tag="373" ind1=" " ind2=" ">
    <subfield code="a">National Museum of African American History and Culture (U.S.)</subfield>
    <subfield code="a">United States. National Park Service</subfield>
    <subfield code="2">naf</subfield>
  </datafield>
  <datafield tag="374" ind1=" " ind2=" ">
    <subfield code="a">Museum curators</subfield>
    <subfield code="a">Historians</subfield>
    <subfield code="2">lcsh</subfield>
  </datafield>
  <datafield tag="375" ind1=" " ind2=" ">
    <subfield code="a">Females</subfield>
    <subfield code="2">lcdgt</subfield>
  </datafield>
  <datafield tag="400" ind1="1" ind2=" ">
    <subfield code="a">Moresi, Michèle Gates</subfield>
  </datafield>
  <datafield tag="670" ind1=" " ind2=" ">
    <subfield code="a">Catalog record for dissertation &quot;Exhibiting Race, Creating Nation: Representations of Black History and Culture at the Smithsonian Institution, 1895-1976&quot; by Michèle Gates Moresi, at Institutional History Division, Smithsonian Institution Archives, accessed April 13, 2018:</subfield>
    <subfield code="b">(Michèle Gates Moresi, attended George Washington University)</subfield>
  </datafield>
  <datafield tag="670" ind1=" " ind2=" ">
    <subfield code="a">Email from Michèle Gates Moresi on April 25, 2018</subfield>
    <subfield code="b">(&quot;Gates Moresi&quot; is last name)</subfield>
  </datafield>
  <datafield tag="670" ind1=" " ind2=" ">
    <subfield code="a">Washington Post official website, &quot;Curators of the National Museum of African American History and Culture&quot;, September 20, 2016, accessed March 20, 2018:</subfield>
    <subfield code="b">(Michèle Gates-Moresi, Curator of collections at National Museum of African American History and Culture, worked as Historian for National Park Service)</subfield>
  </datafield>
  <datafield tag="670" ind1=" " ind2=" ">
    <subfield code="a">George Washington University official website, &quot;The road to exposing and assembling a complex history of black life in America&quot;, accessed April 17, 2018:</subfield>
    <subfield code="b">(Ph.D. from George Washington University in 2003)</subfield>
  </datafield>
  <datafield tag="670" ind1=" " ind2=" ">
    <subfield code="a">Pictures with purpose, 2019:</subfield>
    <subfield code="b">title page verso (Michèle Gates Moresi) page 3 of cover (Supervisory Museum Curator of Collections at the National Museum of African American History and Culture)</subfield>
  </datafield>
</record>