
<record>
  <leader>00552cz  a2200169n  4500</leader>
  <controlfield tag="001">10748519</controlfield>
  <controlfield tag="003">DLC</controlfield>
  <controlfield tag="005">20200102093824.0</controlfield>
  <controlfield tag="008">180511n| azannaabn          |a aaa      </controlfield>
  <datafield tag="010" ind1=" " ind2=" ">
    <subfield code="a">n 2018027290</subfield>
  </datafield>
  <datafield tag="035" ind1=" " ind2=" ">
    <subfield code="a">(OCoLC)oca11343492</subfield>
  </datafield>
  <datafield tag="040" ind1=" " ind2=" ">
    <subfield code="a">DLC</subfield>
    <subfield code="b">eng</subfield>
    <subfield code="e">rda</subfield>
    <subfield code="c">DLC</subfield>
    <subfield code="d">HU</subfield>
  </datafield>
  <datafield tag="100" ind1="1" ind2=" ">
    <subfield code="a">Szávai, Géza.</subfield>
    <subfield code="t">Short stories.</subfield>
    <subfield code="k">Selections</subfield>
  </datafield>
  <datafield tag="400" ind1="1" ind2=" ">
    <subfield code="a">Szávai, Géza.</subfield>
    <subfield code="t">Harmincdekás Pistike színházi ruhája</subfield>
  </datafield>
  <datafield tag="400" ind1="1" ind2=" ">
    <subfield code="a">Szávai, Géza.</subfield>
    <subfield code="t">Amiért élünk</subfield>
  </datafield>
  <datafield tag="670" ind1=" " ind2=" ">
    <subfield code="a">Harmincdekás Pistike színházi ruhája, 2017</subfield>
  </datafield>
  <datafield tag="670" ind1=" " ind2=" ">
    <subfield code="a">Amiért élünk, 2019</subfield>
  </datafield>
</record>