
<record>
  <leader>00906cz  a2200205n  4500</leader>
  <controlfield tag="001">10875095</controlfield>
  <controlfield tag="003">DLC</controlfield>
  <controlfield tag="005">20200102114634.0</controlfield>
  <controlfield tag="008">181010n| azannaabn          |n aaa     c</controlfield>
  <datafield tag="010" ind1=" " ind2=" ">
    <subfield code="a">no2018136638</subfield>
  </datafield>
  <datafield tag="035" ind1=" " ind2=" ">
    <subfield code="a">(OCoLC)oca11591689</subfield>
  </datafield>
  <datafield tag="040" ind1=" " ind2=" ">
    <subfield code="a">OC</subfield>
    <subfield code="b">eng</subfield>
    <subfield code="e">rda</subfield>
    <subfield code="c">OC</subfield>
    <subfield code="d">DLC</subfield>
  </datafield>
  <datafield tag="053" ind1=" " ind2="0">
    <subfield code="a">PS3619.W523</subfield>
  </datafield>
  <datafield tag="100" ind1="1" ind2=" ">
    <subfield code="a">Swicegood, Sam</subfield>
  </datafield>
  <datafield tag="370" ind1=" " ind2=" ">
    <subfield code="c">United States</subfield>
    <subfield code="e">Cincinnati (Ohio)</subfield>
    <subfield code="f">Baltimore (Md.)</subfield>
    <subfield code="2">naf</subfield>
  </datafield>
  <datafield tag="372" ind1=" " ind2=" ">
    <subfield code="a">Fantasy fiction--Authorship</subfield>
    <subfield code="a">Science fiction--Authorship</subfield>
    <subfield code="a">Short stories--Authorship</subfield>
    <subfield code="2">lcsh</subfield>
  </datafield>
  <datafield tag="374" ind1=" " ind2=" ">
    <subfield code="a">Authors</subfield>
    <subfield code="2">lcsh</subfield>
  </datafield>
  <datafield tag="375" ind1=" " ind2=" ">
    <subfield code="a">Males</subfield>
    <subfield code="2">lcdgt</subfield>
  </datafield>
  <datafield tag="377" ind1=" " ind2=" ">
    <subfield code="a">eng</subfield>
  </datafield>
  <datafield tag="670" ind1=" " ind2=" ">
    <subfield code="a">The wizards on Walnut Street, 2018:</subfield>
    <subfield code="b">title page (Sam Swicegood) about the author page (native of Baltimore area now living in Cincinnati; his prior works include a science fiction RPG Cold Start and a collection of IT short stories called The Worst End User; freelance writer for over a decade; founded Elsewhere Media in 2014)</subfield>
  </datafield>
</record>