
<record>
  <leader>00738cz  a2200145n  4500</leader>
  <controlfield tag="001">10886786</controlfield>
  <controlfield tag="003">DLC</controlfield>
  <controlfield tag="005">20200102113041.0</controlfield>
  <controlfield tag="008">181024n| azannaabn          |n aaa      </controlfield>
  <datafield tag="010" ind1=" " ind2=" ">
    <subfield code="a">n 2018061614</subfield>
    <subfield code="z">n 2019074487</subfield>
  </datafield>
  <datafield tag="040" ind1=" " ind2=" ">
    <subfield code="a">DLC</subfield>
    <subfield code="b">eng</subfield>
    <subfield code="e">rda</subfield>
    <subfield code="c">DLC</subfield>
    <subfield code="d">DLC</subfield>
  </datafield>
  <datafield tag="100" ind1="1" ind2=" ">
    <subfield code="a">Kent, Leland</subfield>
  </datafield>
  <datafield tag="377" ind1=" " ind2=" ">
    <subfield code="a">eng</subfield>
  </datafield>
  <datafield tag="670" ind1=" " ind2=" ">
    <subfield code="a">Abandoned Birmingham, 2018:</subfield>
    <subfield code="b">title page (Leland Kent) back cover (photographer)</subfield>
  </datafield>
  <datafield tag="670" ind1=" " ind2=" ">
    <subfield code="a">Arcadia publishing website, December 31, 2019:</subfield>
    <subfield code="b">Abandoned North Florida&gt;Author (LELAND KENT grew up in Birmingham, Alabama; bachelor&apos;s degree, University of Alabama at Birmingham; later became a self-taught photographer; created a blog, Abandoned Southeast, in 2016 to document and share the urban ruins he has explored; currently lives in Florida)</subfield>
  </datafield>
</record>