
<record>
  <leader>01054cz  a2200205n  4500</leader>
  <controlfield tag="001">10963226</controlfield>
  <controlfield tag="003">DLC</controlfield>
  <controlfield tag="005">20200102102442.0</controlfield>
  <controlfield tag="008">190129n| azannaabn          |a aaa      </controlfield>
  <datafield tag="010" ind1=" " ind2=" ">
    <subfield code="a">n 2019005064</subfield>
    <subfield code="z">no2019014122</subfield>
  </datafield>
  <datafield tag="040" ind1=" " ind2=" ">
    <subfield code="a">DLC</subfield>
    <subfield code="b">eng</subfield>
    <subfield code="e">rda</subfield>
    <subfield code="c">DLC</subfield>
    <subfield code="d">DLC</subfield>
  </datafield>
  <datafield tag="046" ind1=" " ind2=" ">
    <subfield code="f">1965-10-06</subfield>
    <subfield code="2">edtf</subfield>
  </datafield>
  <datafield tag="100" ind1="1" ind2=" ">
    <subfield code="a">Scalise, Steve</subfield>
  </datafield>
  <datafield tag="370" ind1=" " ind2=" ">
    <subfield code="a">Jefferson Parish (La.)</subfield>
    <subfield code="2">naf</subfield>
  </datafield>
  <datafield tag="373" ind1=" " ind2=" ">
    <subfield code="a">Republican Party (U.S. : 1854- )</subfield>
    <subfield code="2">naf</subfield>
  </datafield>
  <datafield tag="374" ind1=" " ind2=" ">
    <subfield code="a">Legislators</subfield>
    <subfield code="2">lcsh</subfield>
    <subfield code="s">2008</subfield>
  </datafield>
  <datafield tag="400" ind1="1" ind2=" ">
    <subfield code="w">nne</subfield>
    <subfield code="a">Scalise, Steve,</subfield>
    <subfield code="d">1965-</subfield>
  </datafield>
  <datafield tag="400" ind1="1" ind2=" ">
    <subfield code="a">Scalise, Stephen Joseph</subfield>
  </datafield>
  <datafield tag="670" ind1=" " ind2=" ">
    <subfield code="a">Back in the game, 2018:</subfield>
    <subfield code="b">title page (Steve Scalise) page 285 (Congressman Steve Scalise; elected to US Congress in May 2008, after serving in the Louisiana legislature; survived gunman&apos;s attempt on his life during congressional baseball game, June 14, 2017)</subfield>
  </datafield>
  <datafield tag="670" ind1=" " ind2=" ">
    <subfield code="a">Wikipedia, viewed January 28, 2019</subfield>
    <subfield code="b">(Steve Scalise. Stephen Joseph Scalise (born October 6, 1965) is the current United States House of Representatives Minority Whip and representative for Louisiana&apos;s 1st congressional district, serving since 2008.)</subfield>
  </datafield>
</record>