
<record>
  <leader>00859cz  a2200217n  4500</leader>
  <controlfield tag="001">10998939</controlfield>
  <controlfield tag="003">DLC</controlfield>
  <controlfield tag="005">20200102141704.0</controlfield>
  <controlfield tag="008">190311n| azannaabn          |a aaa     c</controlfield>
  <datafield tag="010" ind1=" " ind2=" ">
    <subfield code="a">no2019036487</subfield>
  </datafield>
  <datafield tag="035" ind1=" " ind2=" ">
    <subfield code="a">(OCoLC)oca11882388</subfield>
  </datafield>
  <datafield tag="040" ind1=" " ind2=" ">
    <subfield code="a">ODa</subfield>
    <subfield code="b">eng</subfield>
    <subfield code="e">rda</subfield>
    <subfield code="c">ODa</subfield>
    <subfield code="d">DLC</subfield>
  </datafield>
  <datafield tag="053" ind1=" " ind2="0">
    <subfield code="a">PS3601.V64</subfield>
  </datafield>
  <datafield tag="100" ind1="1" ind2=" ">
    <subfield code="a">Avon, Joy</subfield>
  </datafield>
  <datafield tag="372" ind1=" " ind2=" ">
    <subfield code="a">Detective and mystery stories</subfield>
    <subfield code="2">lcsh</subfield>
  </datafield>
  <datafield tag="374" ind1=" " ind2=" ">
    <subfield code="a">Authors</subfield>
    <subfield code="2">lcsh</subfield>
  </datafield>
  <datafield tag="375" ind1=" " ind2=" ">
    <subfield code="a">Females</subfield>
    <subfield code="2">lcdgt</subfield>
  </datafield>
  <datafield tag="377" ind1=" " ind2=" ">
    <subfield code="a">eng</subfield>
  </datafield>
  <datafield tag="500" ind1="1" ind2=" ">
    <subfield code="a">Conroy, Vivian</subfield>
  </datafield>
  <datafield tag="670" ind1=" " ind2=" ">
    <subfield code="a">Avon, Joy. In peppermint peril, 2018:</subfield>
    <subfield code="b">title page (Joy Avon) jacket flap (Avon writes mysteries; besides writing, she enjoys hiking, collecting stationery, and trying new desserts; writer of Book Tea Shop mysteries)</subfield>
  </datafield>
  <datafield tag="670" ind1=" " ind2=" ">
    <subfield code="a">Fantastic Fiction website, viewed January 2, 2020: (Joy Avon is a pseudonym used by Vivian Conroy)</subfield>
    <subfield code="u">https://www.fantasticfiction.com/a/joy-avon/</subfield>
  </datafield>
</record>