
<record>
  <leader>01147cz  a2200205n  4500</leader>
  <controlfield tag="001">11051193</controlfield>
  <controlfield tag="003">DLC</controlfield>
  <controlfield tag="005">20200102160504.0</controlfield>
  <controlfield tag="008">190507n| azannaabn          |b ana      </controlfield>
  <datafield tag="010" ind1=" " ind2=" ">
    <subfield code="a">n 2019026080</subfield>
  </datafield>
  <datafield tag="040" ind1=" " ind2=" ">
    <subfield code="a">DLC</subfield>
    <subfield code="b">eng</subfield>
    <subfield code="e">rda</subfield>
    <subfield code="c">DLC</subfield>
    <subfield code="d">DLC</subfield>
  </datafield>
  <datafield tag="151" ind1=" " ind2=" ">
    <subfield code="a">Gornji Livoč (Kosovo)</subfield>
  </datafield>
  <datafield tag="451" ind1=" " ind2=" ">
    <subfield code="a">Livoç i Epërm (Kosovo)</subfield>
  </datafield>
  <datafield tag="451" ind1=" " ind2=" ">
    <subfield code="a">Горњи Ливоч (Kosovo)</subfield>
  </datafield>
  <datafield tag="667" ind1=" " ind2=" ">
    <subfield code="a">Non-Latin script reference not evaluated.</subfield>
  </datafield>
  <datafield tag="368" ind1=" " ind2=" ">
    <subfield code="a">Villages</subfield>
    <subfield code="2">lcsh</subfield>
  </datafield>
  <datafield tag="670" ind1=" " ind2=" ">
    <subfield code="a">Work cat.: Maksimović, Zoran. Gaženje blata, 2014:</subfield>
    <subfield code="b">page 7 (selo Gornji Livoč)</subfield>
  </datafield>
  <datafield tag="670" ind1=" " ind2=" ">
    <subfield code="a">GeoNames, viewed on May 7, 2019:</subfield>
    <subfield code="b">(Gornji Livoč (Serbian), populated place, first-order administrative division, Gjilan / Gnjilane; 42° 27ʹ 25ʺ N, 021° 25ʹ 52ʺ E)</subfield>
  </datafield>
  <datafield tag="670" ind1=" " ind2=" ">
    <subfield code="a">Évolution de la population 1948-2011, viewed on May 7, 2019:</subfield>
    <subfield code="b">(Livoç i Epërm (in Albanian) Gornji Livoč (in Serbian Latin and Горњи Ливоч in Serbian Cyrillic) is a locality in Kosovo within the municipality of Gjilan/Gnjilane. According to the Kosovo census of 2011, it has 2,551 inhabitants)</subfield>
    <subfield code="u">http://pop-stat.mashke.org/kosovo-census-ks.htm</subfield>
  </datafield>
  <datafield tag="781" ind1=" " ind2="0">
    <subfield code="z">Kosovo (Republic)</subfield>
    <subfield code="z">Gornji Livoč</subfield>
  </datafield>
</record>