
<record>
  <leader>02172cz  a2200289n  4500</leader>
  <controlfield tag="001">11079357</controlfield>
  <controlfield tag="003">DLC</controlfield>
  <controlfield tag="005">20200102183058.0</controlfield>
  <controlfield tag="008">190606n| azannaabn          |a aaa     c</controlfield>
  <datafield tag="010" ind1=" " ind2=" ">
    <subfield code="a">ns2019001352</subfield>
  </datafield>
  <datafield tag="035" ind1=" " ind2=" ">
    <subfield code="a">(CaEvSKY)skya11977062</subfield>
  </datafield>
  <datafield tag="040" ind1=" " ind2=" ">
    <subfield code="a">MX-XaUV</subfield>
    <subfield code="b">eng</subfield>
    <subfield code="e">rda</subfield>
    <subfield code="c">MX-XaUV</subfield>
    <subfield code="d">DLC</subfield>
  </datafield>
  <datafield tag="100" ind1="1" ind2=" ">
    <subfield code="a">Isaza Gil, Alberto</subfield>
  </datafield>
  <datafield tag="370" ind1=" " ind2=" ">
    <subfield code="f">Cali (Colombia)</subfield>
    <subfield code="2">naf</subfield>
  </datafield>
  <datafield tag="371" ind1=" " ind2=" ">
    <subfield code="m">albertoisazagil@gmail.com</subfield>
  </datafield>
  <datafield tag="372" ind1=" " ind2=" ">
    <subfield code="a">History</subfield>
    <subfield code="a">Communication</subfield>
    <subfield code="a">Journalism</subfield>
    <subfield code="2">lcsh</subfield>
  </datafield>
  <datafield tag="373" ind1=" " ind2=" ">
    <subfield code="a">Universidad del Valle, Departamento de Historia</subfield>
    <subfield code="2">naf</subfield>
    <subfield code="t">2017</subfield>
  </datafield>
  <datafield tag="373" ind1=" " ind2=" ">
    <subfield code="a">Universidad del Valle, Departamento de Artes Integradas</subfield>
    <subfield code="t">2009</subfield>
  </datafield>
  <datafield tag="373" ind1=" " ind2=" ">
    <subfield code="a">Colombia. Magisterio Nacional</subfield>
  </datafield>
  <datafield tag="374" ind1=" " ind2=" ">
    <subfield code="a">Historian</subfield>
    <subfield code="a">Journalist</subfield>
  </datafield>
  <datafield tag="375" ind1=" " ind2=" ">
    <subfield code="a">Males</subfield>
    <subfield code="2">lcdgt</subfield>
  </datafield>
  <datafield tag="377" ind1=" " ind2=" ">
    <subfield code="a">spa</subfield>
  </datafield>
  <datafield tag="400" ind1="1" ind2=" ">
    <subfield code="a">Gil, Alberto Isaza</subfield>
  </datafield>
  <datafield tag="400" ind1="1" ind2=" ">
    <subfield code="a">Isaza, Alberto</subfield>
  </datafield>
  <datafield tag="670" ind1=" " ind2=" ">
    <subfield code="a">Privilegiados y populares : cotidianidad, relaciones sociales y de poder en Cali hacia las primeras décadas del siglo XX, 2018:</subfield>
    <subfield code="b">title page (Alberto Isaza Gil) cover front flap (bachelor&apos;s degree in history (2008), bachelor&apos;s degree in communication and journalism (2009). master&apos;s in history (2017), all from the Universidad del Valle; his research work is fundamentally in the daily history of the 20th century; author of Don Tulio Ramírez Rojas and Universidad del Valle : 25 años; has written articles for the journal Historia y Espacio of the Departamento de Historia, Universidad del Valle) page 130 (bibliography: Isaza, Alberto; thesis for his bachelor&apos;s degree in social communication (Facultad de Artes Integradas, Universidad del Valle; 2009)</subfield>
  </datafield>
  <datafield tag="670" ind1=" " ind2=" ">
    <subfield code="a">Author&apos;s LinkedIn page, January 2, 2020:</subfield>
    <subfield code="b">(Alberto Isaza Gil; historian affiliated with the Magisterio Nacional; has written about Tulio Ramírez and the Universidad del Valle)</subfield>
    <subfield code="u">https://co.linkedin.com/in/alberto-isaza-gil-1624676a</subfield>
  </datafield>
  <datafield tag="670" ind1=" " ind2=" ">
    <subfield code="a">HiSTOReLo Vol. 2, No. 4, Diciembre 2010:</subfield>
    <subfield code="b">page 169 (Alberto Isaza Gil; licenciado in history and social communication and journalism, Universidad del Valle; albertoisazagil@gmail.com)</subfield>
    <subfield code="u">https://www.researchgate.net/publication/267724779_El_diablo_anda_suelto_algunos_rasgos_del_imaginario_religioso_de_los_pacorenos_de_la_primera_mitad_del_siglo_XX</subfield>
  </datafield>
</record>