
<record>
  <leader>00899cz  a2200181n  4500</leader>
  <controlfield tag="001">11120617</controlfield>
  <controlfield tag="003">DLC</controlfield>
  <controlfield tag="005">20200102002236.0</controlfield>
  <controlfield tag="008">190723n| azannaabn          |a ana      </controlfield>
  <datafield tag="010" ind1=" " ind2=" ">
    <subfield code="a">n 2019242664</subfield>
  </datafield>
  <datafield tag="040" ind1=" " ind2=" ">
    <subfield code="a">DLC</subfield>
    <subfield code="b">eng</subfield>
    <subfield code="e">rda</subfield>
    <subfield code="c">DLC</subfield>
  </datafield>
  <datafield tag="046" ind1=" " ind2=" ">
    <subfield code="s">2018-05-03</subfield>
    <subfield code="t">2018-05-05</subfield>
    <subfield code="2">edtf</subfield>
  </datafield>
  <datafield tag="111" ind1="2" ind2=" ">
    <subfield code="a">Community Seed Banks in Nepal (Workshop)</subfield>
    <subfield code="n">(2nd :</subfield>
    <subfield code="d">2018 :</subfield>
    <subfield code="c">Kathmandu, Nepal)</subfield>
  </datafield>
  <datafield tag="368" ind1=" " ind2=" ">
    <subfield code="a">Workshops (Seminars)</subfield>
    <subfield code="2">lcsh</subfield>
  </datafield>
  <datafield tag="370" ind1=" " ind2=" ">
    <subfield code="e">Kathmandu (Nepal)</subfield>
    <subfield code="2">naf</subfield>
  </datafield>
  <datafield tag="377" ind1=" " ind2=" ">
    <subfield code="a">eng</subfield>
  </datafield>
  <datafield tag="411" ind1="2" ind2=" ">
    <subfield code="a">National Workshop on Community Seed Banks</subfield>
    <subfield code="n">(2nd :</subfield>
    <subfield code="d">2018 :</subfield>
    <subfield code="c">Kathmandu, Nepal)</subfield>
  </datafield>
  <datafield tag="670" ind1=" " ind2=" ">
    <subfield code="a">Community seed banks in Nepal, 2018:</subfield>
    <subfield code="b">title page (Community Seed Banks in Nepal; national workshop) foreword (the Second National Workshop on Community Seed Banks held from 3-5 May 2018 in Kathmandu) page viii (the organizers for the workshop, NAGRC, LI-BIRD and Bioversity International provided additional funding support for the workshop)</subfield>
  </datafield>
</record>