
<record>
  <leader>00933cz  a2200229n  4500</leader>
  <controlfield tag="001">11134518</controlfield>
  <controlfield tag="003">DLC</controlfield>
  <controlfield tag="005">20200102141738.0</controlfield>
  <controlfield tag="008">190806n| azannaabn          |a aaa     c</controlfield>
  <datafield tag="010" ind1=" " ind2=" ">
    <subfield code="a">no2019114758</subfield>
  </datafield>
  <datafield tag="035" ind1=" " ind2=" ">
    <subfield code="a">(OCoLC)oca12326459</subfield>
  </datafield>
  <datafield tag="040" ind1=" " ind2=" ">
    <subfield code="a">ODa</subfield>
    <subfield code="b">eng</subfield>
    <subfield code="e">rda</subfield>
    <subfield code="c">ODa</subfield>
    <subfield code="d">DLC</subfield>
  </datafield>
  <datafield tag="053" ind1=" " ind2="0">
    <subfield code="a">PS3601.V64</subfield>
  </datafield>
  <datafield tag="100" ind1="1" ind2=" ">
    <subfield code="a">Conroy, Vivian</subfield>
  </datafield>
  <datafield tag="372" ind1=" " ind2=" ">
    <subfield code="a">Detective and mystery stories</subfield>
    <subfield code="a">Romance fiction</subfield>
    <subfield code="2">lcsh</subfield>
  </datafield>
  <datafield tag="374" ind1=" " ind2=" ">
    <subfield code="a">Authors</subfield>
    <subfield code="2">lcsh</subfield>
  </datafield>
  <datafield tag="375" ind1=" " ind2=" ">
    <subfield code="a">Females</subfield>
    <subfield code="2">lcdgt</subfield>
  </datafield>
  <datafield tag="377" ind1=" " ind2=" ">
    <subfield code="a">eng</subfield>
  </datafield>
  <datafield tag="500" ind1="1" ind2=" ">
    <subfield code="a">Avon, Joy</subfield>
  </datafield>
  <datafield tag="670" ind1=" " ind2=" ">
    <subfield code="a">Conroy, Vivian. The butterfly conspiracy, 2018:</subfield>
    <subfield code="b">title page (Vivian Conroy) jacket flap (Conroy writes cozy mysteries)</subfield>
  </datafield>
  <datafield tag="670" ind1=" " ind2=" ">
    <subfield code="a">Twitter, viewed July 30, 2019:</subfield>
    <subfield code="b">@VivWrites profile page (Author of cozy mystery and sweet romance)</subfield>
    <subfield code="u">https://twitter.com/vivwrites?lang=en</subfield>
  </datafield>
  <datafield tag="670" ind1=" " ind2=" ">
    <subfield code="a">Fantastic Fiction website, viewed January 2, 2020: (Joy Avon is a pseudonym used by Vivian Conroy)</subfield>
    <subfield code="u">https://www.fantasticfiction.com/a/joy-avon/</subfield>
  </datafield>
</record>