
<record>
  <leader>01049cz  a2200217n  4500</leader>
  <controlfield tag="001">11135921</controlfield>
  <controlfield tag="003">DLC</controlfield>
  <controlfield tag="005">20200102191722.0</controlfield>
  <controlfield tag="008">190807n| azannaabn          |n aaa     c</controlfield>
  <datafield tag="010" ind1=" " ind2=" ">
    <subfield code="a">no2019115571</subfield>
    <subfield code="z">n 2019047082</subfield>
  </datafield>
  <datafield tag="035" ind1=" " ind2=" ">
    <subfield code="a">(OCoLC)oca12331282</subfield>
  </datafield>
  <datafield tag="040" ind1=" " ind2=" ">
    <subfield code="a">NyAhCCSB</subfield>
    <subfield code="b">eng</subfield>
    <subfield code="e">rda</subfield>
    <subfield code="c">NyAhCCSB</subfield>
    <subfield code="d">NyAhCCSB</subfield>
    <subfield code="d">DLC</subfield>
  </datafield>
  <datafield tag="046" ind1=" " ind2=" ">
    <subfield code="f">1959</subfield>
    <subfield code="2">edtf</subfield>
  </datafield>
  <datafield tag="100" ind1="1" ind2=" ">
    <subfield code="a">Davis, Taylor,</subfield>
    <subfield code="d">1959-</subfield>
  </datafield>
  <datafield tag="370" ind1=" " ind2=" ">
    <subfield code="a">Palm Springs (Calif.)</subfield>
    <subfield code="c">United States</subfield>
    <subfield code="e">Boston (Mass.)</subfield>
    <subfield code="2">naf</subfield>
  </datafield>
  <datafield tag="373" ind1=" " ind2=" ">
    <subfield code="a">Massachusetts College of Art and Design</subfield>
    <subfield code="2">naf</subfield>
  </datafield>
  <datafield tag="373" ind1=" " ind2=" ">
    <subfield code="a">Bard MFA (Program)</subfield>
    <subfield code="2">naf</subfield>
  </datafield>
  <datafield tag="374" ind1=" " ind2=" ">
    <subfield code="a">Artists</subfield>
    <subfield code="a">Sculptors</subfield>
    <subfield code="a">Art teachers</subfield>
    <subfield code="2">lcsh</subfield>
  </datafield>
  <datafield tag="670" ind1=" " ind2=" ">
    <subfield code="a">Taylor Davis, 2018.</subfield>
  </datafield>
  <datafield tag="670" ind1=" " ind2=" ">
    <subfield code="a">Wikipedia, August 7, 2019</subfield>
    <subfield code="b">(Taylor Davis; b. 1959, Palm Springs, California; residence: Boston Massachusetts; American artist and teacher, best known for her innovative wood sculptures; Davis, Cherubini, in contention; teaches at Massachusetts College of Art and Design and Milton Avery Graduate School of the Arts at Bard College; best known for her innovative wood sculptures)</subfield>
  </datafield>
  <datafield tag="670" ind1=" " ind2=" ">
    <subfield code="a">Davis, Cherubini, 2009.</subfield>
  </datafield>
</record>