
<record>
  <leader>01330cz  a2200205n  4500</leader>
  <controlfield tag="001">11217360</controlfield>
  <controlfield tag="003">DLC</controlfield>
  <controlfield tag="005">20200102095135.0</controlfield>
  <controlfield tag="008">191107n| azannaabn          |n aaa     c</controlfield>
  <datafield tag="010" ind1=" " ind2=" ">
    <subfield code="a">no2019165559</subfield>
    <subfield code="z">no2019166746</subfield>
  </datafield>
  <datafield tag="035" ind1=" " ind2=" ">
    <subfield code="a">(OCoLC)oca12561630</subfield>
  </datafield>
  <datafield tag="040" ind1=" " ind2=" ">
    <subfield code="a">UOr</subfield>
    <subfield code="b">eng</subfield>
    <subfield code="e">rda</subfield>
    <subfield code="c">UOr</subfield>
    <subfield code="d">DLC</subfield>
  </datafield>
  <datafield tag="046" ind1=" " ind2=" ">
    <subfield code="f">1989</subfield>
    <subfield code="2">edtf</subfield>
  </datafield>
  <datafield tag="100" ind1="1" ind2=" ">
    <subfield code="a">Dalvand, Reza,</subfield>
    <subfield code="d">1989-</subfield>
  </datafield>
  <datafield tag="370" ind1=" " ind2=" ">
    <subfield code="a">Andīmishk (Iran)</subfield>
    <subfield code="e">Tehran (Iran)</subfield>
    <subfield code="2">naf</subfield>
  </datafield>
  <datafield tag="372" ind1=" " ind2=" ">
    <subfield code="a">Picture books for children</subfield>
    <subfield code="a">Illustration of books</subfield>
    <subfield code="a">Art</subfield>
    <subfield code="2">lcsh</subfield>
  </datafield>
  <datafield tag="374" ind1=" " ind2=" ">
    <subfield code="a">Graphic artists</subfield>
    <subfield code="a">Illustrators</subfield>
    <subfield code="2">lcsh</subfield>
  </datafield>
  <datafield tag="375" ind1=" " ind2=" ">
    <subfield code="a">Males</subfield>
    <subfield code="2">lcdgt</subfield>
  </datafield>
  <datafield tag="670" ind1=" " ind2=" ">
    <subfield code="a">The day of your arrival, 2019:</subfield>
    <subfield code="b">title page ([illustrated by] Reza Dalvand)</subfield>
  </datafield>
  <datafield tag="670" ind1=" " ind2=" ">
    <subfield code="a">Scholastic website, via WWW, 07 November 2019</subfield>
    <subfield code="b">(Reza Dalvand was born in 1989 in the Iranian city of Andimeshk. As a child he had but one idea in his head: to draw. After studying graphic design at Isfahan University of Art, he completed a master&apos;s degree in illustration at the University of Tehran. He has published more than 15 picture books in Iran, Europe, and Asia. He is a member of the Iranian Society of Illustrators and has participated in many national and international exhibitions from countries around the world, including UK, Japan, Iran, Korea, Italy, UAE, Ukraine, and Surbia, and his work was showcased at the Bologna Book Festival in 2018. Reza lives in Tehran.)</subfield>
  </datafield>
</record>