
<record>
  <leader>00653cz  a2200133n  4500</leader>
  <controlfield tag="001">11236051</controlfield>
  <controlfield tag="003">DLC</controlfield>
  <controlfield tag="005">20200102115955.0</controlfield>
  <controlfield tag="008">191203n| azannaabn          |a ana      </controlfield>
  <datafield tag="010" ind1=" " ind2=" ">
    <subfield code="a">n 2019069961</subfield>
  </datafield>
  <datafield tag="040" ind1=" " ind2=" ">
    <subfield code="a">DLC</subfield>
    <subfield code="b">eng</subfield>
    <subfield code="e">rda</subfield>
    <subfield code="c">DLC</subfield>
    <subfield code="d">DLC</subfield>
  </datafield>
  <datafield tag="111" ind1="2" ind2=" ">
    <subfield code="a">International Conference on Informatics, Management, and Technology in Healthcare</subfield>
    <subfield code="n">(17th :</subfield>
    <subfield code="d">2019 :</subfield>
    <subfield code="c">Athens, Greece)</subfield>
  </datafield>
  <datafield tag="411" ind1="2" ind2=" ">
    <subfield code="a">ICIMTH (Conference)</subfield>
    <subfield code="n">(17th :</subfield>
    <subfield code="d">2019 :</subfield>
    <subfield code="c">Athens, Greece)</subfield>
  </datafield>
  <datafield tag="670" ind1=" " ind2=" ">
    <subfield code="a">Health informatics vision, 2019:</subfield>
    <subfield code="b">page v (This volume contains the papers for the 17th ICIMTH, the International Conference on Informatics, Management, and Technology in Healthcare, held July 5-7, 2019 in Athens, Greece)</subfield>
  </datafield>
</record>