
<record>
  <leader>01147cz  a2200181n  4500</leader>
  <controlfield tag="001">11237506</controlfield>
  <controlfield tag="003">DLC</controlfield>
  <controlfield tag="005">20200102022459.0</controlfield>
  <controlfield tag="008">191205n| azannaabn          |a ana      </controlfield>
  <datafield tag="010" ind1=" " ind2=" ">
    <subfield code="a">n 2019244957</subfield>
  </datafield>
  <datafield tag="040" ind1=" " ind2=" ">
    <subfield code="a">DLC</subfield>
    <subfield code="b">eng</subfield>
    <subfield code="e">rda</subfield>
    <subfield code="c">DLC</subfield>
    <subfield code="d">DLC</subfield>
  </datafield>
  <datafield tag="046" ind1=" " ind2=" ">
    <subfield code="s">2016-01-22</subfield>
    <subfield code="t">2016-01-27</subfield>
    <subfield code="2">edtf</subfield>
  </datafield>
  <datafield tag="111" ind1="2" ind2=" ">
    <subfield code="a">Nepālī Loka Sāhitya Rāshṭriya Saṅgoshṭhī</subfield>
    <subfield code="n">(5th :</subfield>
    <subfield code="d">2016 :</subfield>
    <subfield code="c">Salyan, Nepal, etc.)</subfield>
  </datafield>
  <datafield tag="368" ind1=" " ind2=" ">
    <subfield code="a">Congresses and conventions</subfield>
    <subfield code="2">lcsh</subfield>
  </datafield>
  <datafield tag="370" ind1=" " ind2=" ">
    <subfield code="e">Salyan (Nepal : District)</subfield>
    <subfield code="2">naf</subfield>
  </datafield>
  <datafield tag="377" ind1=" " ind2=" ">
    <subfield code="a">nep</subfield>
  </datafield>
  <datafield tag="411" ind1="2" ind2=" ">
    <subfield code="a">Nepālī Lokasāhityako Rāshṭriya Saṅgoshṭhī</subfield>
    <subfield code="n">(5th :</subfield>
    <subfield code="d">2016 :</subfield>
    <subfield code="c">Salyan, Nepal, etc.)</subfield>
  </datafield>
  <datafield tag="670" ind1=" " ind2=" ">
    <subfield code="a">Nepālī lokavārtā, 2075 2018:</subfield>
    <subfield code="b">preface (held during Vi. Saṃ. Māgha 8-13, 2072 [January 22-27, 2016], in Salyan, Dullu and Surkhet) page 6 (Nepālī Loka Sāhitya Rāshṭriya Saṅgoshṭhī; Nepālī Lokasāhityako Rāshṭriya Saṅgoshṭhī;1st saṅgoshṭhī held in 2011 in Pokhara) page 7 (2nd held in 2012 in Bhairahawa; 3rd held in 2013 in Dhangarhi, Kañcanapura, Ḍaḍeladhurā, Achāma, Ḍoṭī, Baitaḍī; 4th held in 2014 in Dang; 5th held in 2016 in Salyan, Dullu, and Surkhet, Nepal)</subfield>
  </datafield>
</record>