
<record>
  <leader>00903cz  a2200217n  4500</leader>
  <controlfield tag="001">11249857</controlfield>
  <controlfield tag="003">DLC</controlfield>
  <controlfield tag="005">20200102130659.0</controlfield>
  <controlfield tag="008">191218n| azannaabn          |n aaa      </controlfield>
  <datafield tag="010" ind1=" " ind2=" ">
    <subfield code="a">n 2019073028</subfield>
  </datafield>
  <datafield tag="040" ind1=" " ind2=" ">
    <subfield code="a">DLC</subfield>
    <subfield code="b">eng</subfield>
    <subfield code="e">rda</subfield>
    <subfield code="c">DLC</subfield>
  </datafield>
  <datafield tag="046" ind1=" " ind2=" ">
    <subfield code="f">1987</subfield>
    <subfield code="2">edtf</subfield>
  </datafield>
  <datafield tag="100" ind1="1" ind2=" ">
    <subfield code="a">Johansen, Stian Øby,‏</subfield>
    <subfield code="d">1987-</subfield>
  </datafield>
  <datafield tag="372" ind1=" " ind2=" ">
    <subfield code="a">Law</subfield>
    <subfield code="2">lcsh</subfield>
  </datafield>
  <datafield tag="373" ind1=" " ind2=" ">
    <subfield code="a">Universitetet i Oslo</subfield>
    <subfield code="2">naf</subfield>
  </datafield>
  <datafield tag="374" ind1=" " ind2=" ">
    <subfield code="a">Law teachers</subfield>
    <subfield code="2">lcsh</subfield>
  </datafield>
  <datafield tag="375" ind1=" " ind2=" ">
    <subfield code="a">Males</subfield>
    <subfield code="2">lcsh</subfield>
  </datafield>
  <datafield tag="670" ind1=" " ind2=" ">
    <subfield code="a">The human rights accountability mechanisms of international organizations, 2020:</subfield>
    <subfield code="b">ECIP (Stian Johanse, University of Oslo.)</subfield>
  </datafield>
  <datafield tag="670" ind1=" " ind2=" ">
    <subfield code="a">Nat.Lib.Norway in VIAF, viewed Dec. 18, 2019</subfield>
    <subfield code="b">(hdg: Johansen, Stian Øby‏,  1987-),</subfield>
  </datafield>
  <datafield tag="670" ind1=" " ind2=" ">
    <subfield code="a">LinkedIn, viewed Dec. 18, 2019</subfield>
    <subfield code="b">(Stian Øby Johansen, Associate Professor at University of Oslo (on faculty since 2017; Education: Universitetet i Oslo (UiO): PhD in Law 2017,   Master i Rettsvitenskap 2012).</subfield>
  </datafield>
  <datafield tag="953" ind1=" " ind2=" ">
    <subfield code="a">xg08</subfield>
  </datafield>
</record>