
<record>
  <leader>00860cz  a2200193n  4500</leader>
  <controlfield tag="001">11250484</controlfield>
  <controlfield tag="003">DLC</controlfield>
  <controlfield tag="005">20200102152947.0</controlfield>
  <controlfield tag="008">191218n| azannaabn          |a aaa     c</controlfield>
  <datafield tag="010" ind1=" " ind2=" ">
    <subfield code="a">no2019187279</subfield>
  </datafield>
  <datafield tag="035" ind1=" " ind2=" ">
    <subfield code="a">(OCoLC)oca12642800</subfield>
  </datafield>
  <datafield tag="040" ind1=" " ind2=" ">
    <subfield code="a">NjP</subfield>
    <subfield code="b">eng</subfield>
    <subfield code="e">rda</subfield>
    <subfield code="c">NjP</subfield>
    <subfield code="d">DLC</subfield>
  </datafield>
  <datafield tag="100" ind1="1" ind2=" ">
    <subfield code="a">Méndez Pineda, Valeria M.</subfield>
  </datafield>
  <datafield tag="373" ind1=" " ind2=" ">
    <subfield code="a">Universidad Nacional Autónoma de México. Facultad de Arquitectura</subfield>
    <subfield code="2">naf</subfield>
  </datafield>
  <datafield tag="374" ind1=" " ind2=" ">
    <subfield code="a">University and college faculty members</subfield>
  </datafield>
  <datafield tag="377" ind1=" " ind2=" ">
    <subfield code="a">spa</subfield>
  </datafield>
  <datafield tag="400" ind1="1" ind2=" ">
    <subfield code="a">Pineda, Valeria M. Méndez</subfield>
  </datafield>
  <datafield tag="400" ind1="1" ind2=" ">
    <subfield code="a">Méndez, V. M.</subfield>
    <subfield code="q">(Valeria M. Méndez Pineda)</subfield>
  </datafield>
  <datafield tag="670" ind1=" " ind2=" ">
    <subfield code="a">III Congreso Internacional Hispanoamericano de Historia de la Construcción, 2019:</subfield>
    <subfield code="b">volumen 1, title page (Valeria M. Méndez Pineda) volumen 2, page 672 (V.M. Méndez) page 1169 (Valeria Méndez Pineda; Facultad de Arquitectura, Universidad Nacional Autónoma de México)</subfield>
  </datafield>
</record>