
<record>
  <leader>00608cz  a2200145n  4500</leader>
  <controlfield tag="001">11252656</controlfield>
  <controlfield tag="003">DLC</controlfield>
  <controlfield tag="005">20200102090404.0</controlfield>
  <controlfield tag="008">191220n| azannaabn          |n aaa      </controlfield>
  <datafield tag="010" ind1=" " ind2=" ">
    <subfield code="a">n 2019073551</subfield>
  </datafield>
  <datafield tag="040" ind1=" " ind2=" ">
    <subfield code="a">DLC</subfield>
    <subfield code="b">eng</subfield>
    <subfield code="e">rda</subfield>
    <subfield code="c">DLC</subfield>
    <subfield code="d">DLC</subfield>
  </datafield>
  <datafield tag="053" ind1=" " ind2="0">
    <subfield code="a">PS3610.O36634</subfield>
  </datafield>
  <datafield tag="100" ind1="1" ind2=" ">
    <subfield code="a">Johnson, Micaiah</subfield>
  </datafield>
  <datafield tag="377" ind1=" " ind2=" ">
    <subfield code="a">eng</subfield>
  </datafield>
  <datafield tag="670" ind1=" " ind2=" ">
    <subfield code="a">The space between worlds, 2020:</subfield>
    <subfield code="b">ECIP t.p. (Micaiah Johnson) galley (raised in California&apos;s Mojave Desert; she received her BA in creative writing from the  University of California, Riverside and her MFA in fiction from Rutgers-Camden; now studies American literature at Vanderbilt University)</subfield>
  </datafield>
</record>