
<record>
  <leader>01216cz  a2200193n  4500</leader>
  <controlfield tag="001">11254026</controlfield>
  <controlfield tag="003">DLC</controlfield>
  <controlfield tag="005">20200102004143.0</controlfield>
  <controlfield tag="008">191223n| azannaabn          |b ana      </controlfield>
  <datafield tag="010" ind1=" " ind2=" ">
    <subfield code="a">n 2019211280</subfield>
  </datafield>
  <datafield tag="040" ind1=" " ind2=" ">
    <subfield code="a">DLC</subfield>
    <subfield code="b">eng</subfield>
    <subfield code="e">rda</subfield>
    <subfield code="c">DLC</subfield>
    <subfield code="d">DLC</subfield>
  </datafield>
  <datafield tag="110" ind1="1" ind2=" ">
    <subfield code="a">Afghanistan.</subfield>
    <subfield code="b">Ūlasī Jirgah.</subfield>
    <subfield code="b">Da Taqinīn aw Pārlimānī Chāro Riyāsat</subfield>
  </datafield>
  <datafield tag="368" ind1=" " ind2=" ">
    <subfield code="a">Legislative body</subfield>
  </datafield>
  <datafield tag="410" ind1="1" ind2=" ">
    <subfield code="a">Afghanistan.</subfield>
    <subfield code="b">Ūlasī Jirgah.</subfield>
    <subfield code="b">Riyāsat-i Umūr-i Pārlimānī va Taqnīnī</subfield>
  </datafield>
  <datafield tag="410" ind1="1" ind2=" ">
    <subfield code="a">Afghanistan.</subfield>
    <subfield code="b">Ūlasī Jirgah.</subfield>
    <subfield code="b">Da Chāro da Idārī da Pārlimāī aw Taqnīnī Chāro Riyāsat</subfield>
  </datafield>
  <datafield tag="410" ind1="1" ind2=" ">
    <subfield code="a">‏Afghanistan.‏</subfield>
    <subfield code="b">‏Ūlasī Jirgah.‏</subfield>
    <subfield code="b">‏د تقنين و پارليمانى چارو رياست</subfield>
  </datafield>
  <datafield tag="667" ind1=" " ind2=" ">
    <subfield code="a">Non-Latin script reference not evaluated.</subfield>
  </datafield>
  <datafield tag="670" ind1=" " ind2=" ">
    <subfield code="a">Guzārish-i ijrāt-i Vulasī Jirgah, ijlās-i panjum, dawr-i avval sāl-i sivvum taqnīnī-i 1387, 2008 or 2009:</subfield>
    <subfield code="b">prelim. (Ūlasī Jirgah. Da Taqinīn aw Pārlimānī Chāro Riyāsat = د تقنين و پارليمانى چارو رياست; Ūlasī Jirgah. Riyāsat-i Umūr-i Pārlimānī va Taqnīnī) cover (Ūlasī Jirgah. Da Chāro da Idārī da Pārlimānī aw Taqnīnī Chāro Riyāsat)</subfield>
  </datafield>
  <datafield tag="953" ind1=" " ind2=" ">
    <subfield code="a">wk23</subfield>
  </datafield>
</record>