
<record>
  <leader>00509cz  a2200145n  4500</leader>
  <controlfield tag="001">11254094</controlfield>
  <controlfield tag="003">DLC</controlfield>
  <controlfield tag="005">20200102134339.0</controlfield>
  <controlfield tag="008">191223n| azannaabn          |n aaa      </controlfield>
  <datafield tag="010" ind1=" " ind2=" ">
    <subfield code="a">n 2019073723</subfield>
  </datafield>
  <datafield tag="040" ind1=" " ind2=" ">
    <subfield code="a">DLC</subfield>
    <subfield code="b">eng</subfield>
    <subfield code="e">rda</subfield>
    <subfield code="c">DLC</subfield>
  </datafield>
  <datafield tag="100" ind1="1" ind2=" ">
    <subfield code="a">Taigba, Serj</subfield>
  </datafield>
  <datafield tag="375" ind1=" " ind2=" ">
    <subfield code="a">Males</subfield>
    <subfield code="2">lcdgt</subfield>
  </datafield>
  <datafield tag="377" ind1=" " ind2=" ">
    <subfield code="a">fre</subfield>
  </datafield>
  <datafield tag="670" ind1=" " ind2=" ">
    <subfield code="a">La maîtrise des relations, 2018:</subfield>
    <subfield code="b">title page (Serj Taigba) cover p. 4. (international coach and strategist in human professional productivity and performance; founder of Taigba Coaching, [Cote d&apos;Ivoire])</subfield>
  </datafield>
</record>