
<record>
  <leader>01001cz  a2200253n  4500</leader>
  <controlfield tag="001">11255965</controlfield>
  <controlfield tag="003">DLC</controlfield>
  <controlfield tag="005">20200102015211.0</controlfield>
  <controlfield tag="008">191230n| azannaabn           a aaa      </controlfield>
  <datafield tag="010" ind1=" " ind2=" ">
    <subfield code="a">n 2019223233</subfield>
  </datafield>
  <datafield tag="040" ind1=" " ind2=" ">
    <subfield code="a">DLC</subfield>
    <subfield code="b">eng</subfield>
    <subfield code="c">DLC</subfield>
    <subfield code="e">rda</subfield>
  </datafield>
  <datafield tag="046" ind1=" " ind2=" ">
    <subfield code="f">1966</subfield>
    <subfield code="2">edtf</subfield>
  </datafield>
  <datafield tag="100" ind1="1" ind2=" ">
    <subfield code="a">Sim, Tina Soek Tien,</subfield>
    <subfield code="d">1966-</subfield>
  </datafield>
  <datafield tag="370" ind1=" " ind2=" ">
    <subfield code="c">Singapore</subfield>
    <subfield code="2">naf</subfield>
  </datafield>
  <datafield tag="372" ind1=" " ind2=" ">
    <subfield code="a">Literature</subfield>
    <subfield code="a">History</subfield>
    <subfield code="2">lcsh</subfield>
  </datafield>
  <datafield tag="373" ind1=" " ind2=" ">
    <subfield code="a">Singapore. National Heritage Board</subfield>
    <subfield code="2">naf</subfield>
  </datafield>
  <datafield tag="374" ind1=" " ind2=" ">
    <subfield code="a">Authors</subfield>
    <subfield code="a">Translators</subfield>
    <subfield code="2">lcsh</subfield>
  </datafield>
  <datafield tag="375" ind1=" " ind2=" ">
    <subfield code="a">female</subfield>
  </datafield>
  <datafield tag="377" ind1=" " ind2=" ">
    <subfield code="a">eng</subfield>
    <subfield code="a">chi</subfield>
  </datafield>
  <datafield tag="400" ind1="1" ind2=" ">
    <subfield code="a">Tien, Tina Sim Soek,</subfield>
    <subfield code="d">1966-</subfield>
  </datafield>
  <datafield tag="400" ind1="1" ind2=" ">
    <subfield code="a">Sim, Soek Tien,</subfield>
    <subfield code="d">1966-</subfield>
  </datafield>
  <datafield tag="400" ind1="1" ind2=" ">
    <subfield code="a">Tien, Sim Soek,</subfield>
    <subfield code="d">1966-</subfield>
  </datafield>
  <datafield tag="670" ind1=" " ind2=" ">
    <subfield code="a">Once upon a Singapore... traders, 2018:</subfield>
    <subfield code="b">t.p. verso (Tina Sim) first preliminary page (Tina Sim Soek Tien; writes stories about history of Singapore and translates texts from Chinese to English; associated with National Heritage Board of Singapore)</subfield>
  </datafield>
  <datafield tag="670" ind1=" " ind2=" ">
    <subfield code="a">LC database, Dec. 30, 2019</subfield>
    <subfield code="b">(access point: Sim, Tina Soek Tien, 1966-; usage: Tina Sim Soek Tien)</subfield>
  </datafield>
</record>