
<record>
  <leader>00875cz  a2200229n  4500</leader>
  <controlfield tag="001">11256033</controlfield>
  <controlfield tag="003">DLC</controlfield>
  <controlfield tag="005">20200102020431.0</controlfield>
  <controlfield tag="008">191230n| azannaabn          |a aaa      </controlfield>
  <datafield tag="010" ind1=" " ind2=" ">
    <subfield code="a">n 2019245382</subfield>
  </datafield>
  <datafield tag="040" ind1=" " ind2=" ">
    <subfield code="a">DLC</subfield>
    <subfield code="b">eng</subfield>
    <subfield code="e">rda</subfield>
    <subfield code="c">DLC</subfield>
  </datafield>
  <datafield tag="100" ind1="1" ind2=" ">
    <subfield code="a">Tāmbolī, Dīpaka</subfield>
  </datafield>
  <datafield tag="370" ind1=" " ind2=" ">
    <subfield code="a">Nāsik (India)</subfield>
    <subfield code="2">naf</subfield>
  </datafield>
  <datafield tag="370" ind1=" " ind2=" ">
    <subfield code="f">Yeotmal (India)</subfield>
    <subfield code="f">Bhusawal (India)</subfield>
  </datafield>
  <datafield tag="372" ind1=" " ind2=" ">
    <subfield code="a">Electrical engineering</subfield>
    <subfield code="2">lcsh</subfield>
  </datafield>
  <datafield tag="373" ind1=" " ind2=" ">
    <subfield code="a">Central Railway (India)</subfield>
    <subfield code="2">naf</subfield>
  </datafield>
  <datafield tag="374" ind1=" " ind2=" ">
    <subfield code="a">Engineers</subfield>
    <subfield code="2">lcdgt</subfield>
  </datafield>
  <datafield tag="375" ind1=" " ind2=" ">
    <subfield code="a">Males</subfield>
    <subfield code="2">lcdgt</subfield>
  </datafield>
  <datafield tag="377" ind1=" " ind2=" ">
    <subfield code="a">mar</subfield>
  </datafield>
  <datafield tag="400" ind1="0" ind2=" ">
    <subfield code="a">Dīpaka Tāmboḷī</subfield>
  </datafield>
  <datafield tag="400" ind1="1" ind2=" ">
    <subfield code="a">Tamboli, Dipak</subfield>
  </datafield>
  <datafield tag="670" ind1=" " ind2=" ">
    <subfield code="a">Kathā māṇusakīcyā, 2018:</subfield>
    <subfield code="b">title page (Dīpaka Tāmboḷī) title page verso (Dipak Tamboli) page 120 (Dīpaka Madhukara Tāmboḷī; born in Nāsik; diploma in electrical engineering, Yeotmal; works in Central Railway, Bhusawal, India, as senior sectional engineer)</subfield>
  </datafield>
</record>