
<record>
  <leader>00497cz  a2200145n  4500</leader>
  <controlfield tag="001">11256098</controlfield>
  <controlfield tag="003">DLC</controlfield>
  <controlfield tag="005">20200102095729.0</controlfield>
  <controlfield tag="008">191230n| azannaabn          |n aaa      </controlfield>
  <datafield tag="010" ind1=" " ind2=" ">
    <subfield code="a">n 2019074282</subfield>
  </datafield>
  <datafield tag="040" ind1=" " ind2=" ">
    <subfield code="a">DLC</subfield>
    <subfield code="b">eng</subfield>
    <subfield code="e">rda</subfield>
    <subfield code="c">DLC</subfield>
  </datafield>
  <datafield tag="100" ind1="1" ind2=" ">
    <subfield code="a">Balentine, James Scott,</subfield>
    <subfield code="d">1947-</subfield>
    <subfield code="t">Spirituals,</subfield>
    <subfield code="m">baritone voice, cello</subfield>
  </datafield>
  <datafield tag="380" ind1=" " ind2=" ">
    <subfield code="a">Spirituals (Songs)</subfield>
    <subfield code="a">Art music</subfield>
    <subfield code="2">lcgft</subfield>
  </datafield>
  <datafield tag="382" ind1="0" ind2=" ">
    <subfield code="a">baritone voice</subfield>
    <subfield code="n">1</subfield>
    <subfield code="a">cello</subfield>
    <subfield code="n">1</subfield>
    <subfield code="2">lcmpt</subfield>
  </datafield>
  <datafield tag="670" ind1=" " ind2=" ">
    <subfield code="a">Love comes in at the eye, 2018:</subfield>
    <subfield code="b">contaner (Five spirituals (for baritone and cello))</subfield>
  </datafield>
</record>