
<record>
  <leader>00539cz  a2200145n  4500</leader>
  <controlfield tag="001">11256261</controlfield>
  <controlfield tag="003">DLC</controlfield>
  <controlfield tag="005">20200102145113.0</controlfield>
  <controlfield tag="008">191230n| azannaabn          |n ana      </controlfield>
  <datafield tag="010" ind1=" " ind2=" ">
    <subfield code="a">n 2019074450</subfield>
  </datafield>
  <datafield tag="040" ind1=" " ind2=" ">
    <subfield code="a">DLC</subfield>
    <subfield code="b">eng</subfield>
    <subfield code="e">rda</subfield>
    <subfield code="c">DLC</subfield>
    <subfield code="d">DLC</subfield>
  </datafield>
  <datafield tag="046" ind1=" " ind2=" ">
    <subfield code="s">1987</subfield>
    <subfield code="t">2003</subfield>
    <subfield code="2">edtf</subfield>
  </datafield>
  <datafield tag="111" ind1="2" ind2=" ">
    <subfield code="a">Bizarre Festival</subfield>
    <subfield code="c">(Germany)</subfield>
  </datafield>
  <datafield tag="670" ind1=" " ind2=" ">
    <subfield code="a">The best of Bizarre Festival, 1987-1992, 1992:</subfield>
    <subfield code="b">label (Bizarre Festival)</subfield>
  </datafield>
  <datafield tag="670" ind1=" " ind2=" ">
    <subfield code="a">German Wikipedia, viewed Dec. 30, 2019</subfield>
    <subfield code="b">(Bizarre Festival; alternative annual music festival in Germany that took place between 1987 and 2003)</subfield>
  </datafield>
</record>