
<record>
  <leader>01222cz  a2200241n  4500</leader>
  <controlfield tag="001">11256449</controlfield>
  <controlfield tag="003">DLC</controlfield>
  <controlfield tag="005">20200102073106.0</controlfield>
  <controlfield tag="008">191230n| azannaabn          |b ana     c</controlfield>
  <datafield tag="010" ind1=" " ind2=" ">
    <subfield code="a">no2019191133</subfield>
  </datafield>
  <datafield tag="035" ind1=" " ind2=" ">
    <subfield code="a">(OCoLC)oca12663834</subfield>
  </datafield>
  <datafield tag="040" ind1=" " ind2=" ">
    <subfield code="a">NNC-EA</subfield>
    <subfield code="b">eng</subfield>
    <subfield code="e">rda</subfield>
    <subfield code="c">NNC</subfield>
    <subfield code="d">NNC</subfield>
  </datafield>
  <datafield tag="043" ind1=" " ind2=" ">
    <subfield code="a">a-ja---</subfield>
  </datafield>
  <datafield tag="046" ind1=" " ind2=" ">
    <subfield code="s">1967</subfield>
    <subfield code="2">edtf</subfield>
  </datafield>
  <datafield tag="151" ind1=" " ind2=" ">
    <subfield code="a">Tezukayama (Abeno-ku, Osaka, Japan)</subfield>
  </datafield>
  <datafield tag="368" ind1=" " ind2=" ">
    <subfield code="b">Neighborhoods</subfield>
    <subfield code="2">lcsh</subfield>
  </datafield>
  <datafield tag="410" ind1="1" ind2=" ">
    <subfield code="a">Osaka (Japan).</subfield>
    <subfield code="b">Abeno-ku.</subfield>
    <subfield code="b">Tezukayama</subfield>
  </datafield>
  <datafield tag="451" ind1=" " ind2=" ">
    <subfield code="a">帝塚山 (Abeno-ku, Osaka, Japan)</subfield>
  </datafield>
  <datafield tag="667" ind1=" " ind2=" ">
    <subfield code="a">SUBJECT USAGE: This heading is not valid for use as a geographic subdivision.</subfield>
  </datafield>
  <datafield tag="667" ind1=" " ind2=" ">
    <subfield code="a">Non-Latin script reference not evaluated</subfield>
  </datafield>
  <datafield tag="670" ind1=" " ind2=" ">
    <subfield code="a">Whoplus, Dec. 30, 2019</subfield>
    <subfield code="b">(高田昇 = Takada Susumu; r; with COM 計画研究所 = COM Keikaku Kenkyūjo, in 大阪府大阪市阿倍野区帝塚山 = Ōsaka-fu Ōsaka-shi Abeno-ku Tezukayama)</subfield>
  </datafield>
  <datafield tag="670" ind1=" " ind2=" ">
    <subfield code="a">Kadokawa Nihon chimei d.j., Dec. 30, 2019</subfield>
    <subfield code="b">(帝塚山 = Tezukayama; r; 大阪府/大阪市/阿倍野区/帝塚山 = Ōsaka-fu/Ōsaka-shi/Abeno-ku/Tezukayama; est., Shōwa 42 [1967])</subfield>
  </datafield>
  <datafield tag="670" ind1=" " ind2=" ">
    <subfield code="a">Nihon Yūbin yūbin bangō kensaku, Dec. 30, 2019</subfield>
    <subfield code="b">(大阪府/大阪市/阿倍野区/帝塚山 = Ōsaka-fu/Ōsaka-shi/Abeno-ku/Tezukayama; r)</subfield>
  </datafield>
</record>