
<record>
  <leader>00643nz  a2200193n  4500</leader>
  <controlfield tag="001">11257047</controlfield>
  <controlfield tag="003">DLC</controlfield>
  <controlfield tag="005">20200102013740.0</controlfield>
  <controlfield tag="008">200102n| azannaabn          |n aaa      </controlfield>
  <datafield tag="010" ind1=" " ind2=" ">
    <subfield code="a"></subfield>
  </datafield>
  <datafield tag="040" ind1=" " ind2=" ">
    <subfield code="a">DLC</subfield>
    <subfield code="b">eng</subfield>
    <subfield code="e">rda</subfield>
    <subfield code="c">DLC</subfield>
  </datafield>
  <datafield tag="046" ind1=" " ind2=" ">
    <subfield code="f">1911-12-05</subfield>
    <subfield code="g">1975-08-07</subfield>
    <subfield code="2">edtf</subfield>
  </datafield>
  <datafield tag="100" ind1="1" ind2=" ">
    <subfield code="a">Rāẏa, Praṇaba,</subfield>
    <subfield code="d">1911-1975</subfield>
  </datafield>
  <datafield tag="374" ind1=" " ind2=" ">
    <subfield code="a">Authors</subfield>
    <subfield code="2">lcsh</subfield>
  </datafield>
  <datafield tag="375" ind1=" " ind2=" ">
    <subfield code="a">Males</subfield>
    <subfield code="2">lcdgt</subfield>
  </datafield>
  <datafield tag="377" ind1=" " ind2=" ">
    <subfield code="a">ben</subfield>
  </datafield>
  <datafield tag="400" ind1="0" ind2=" ">
    <subfield code="a">Praṇaba Rāẏa,</subfield>
    <subfield code="d">1911-1975</subfield>
  </datafield>
  <datafield tag="400" ind1="1" ind2=" ">
    <subfield code="a">Roy, Pronob,</subfield>
    <subfield code="d">1911-1975</subfield>
  </datafield>
  <datafield tag="670" ind1=" " ind2=" ">
    <subfield code="a">Daśaṭi rahasya upanyāsa, 2018:</subfield>
    <subfield code="b">title page (Praṇaba Rāẏa) t.p. verso (Pronob Roy) jacket (born on December 5, 1911 and died on August 7, 1975; Bengali author)</subfield>
  </datafield>
</record>