
<record>
  <leader>00466nz  a2200157n  4500</leader>
  <controlfield tag="001">11257049</controlfield>
  <controlfield tag="003">DLC</controlfield>
  <controlfield tag="005">20200102070040.0</controlfield>
  <controlfield tag="008">200102n| azannaabn          |n aaa      </controlfield>
  <datafield tag="010" ind1=" " ind2=" ">
    <subfield code="a"></subfield>
  </datafield>
  <datafield tag="040" ind1=" " ind2=" ">
    <subfield code="a">DLC</subfield>
    <subfield code="b">eng</subfield>
    <subfield code="e">rda</subfield>
    <subfield code="c">DLC</subfield>
  </datafield>
  <datafield tag="100" ind1="1" ind2=" ">
    <subfield code="a">Echata</subfield>
  </datafield>
  <datafield tag="370" ind1=" " ind2=" ">
    <subfield code="a">Columbia (Mo.)</subfield>
    <subfield code="2">naf</subfield>
  </datafield>
  <datafield tag="400" ind1="1" ind2=" ">
    <subfield code="a">Dinan, Sandy</subfield>
  </datafield>
  <datafield tag="670" ind1=" " ind2=" ">
    <subfield code="a">My heart belongs to mom, 2019:</subfield>
    <subfield code="b">title page (Echata)</subfield>
  </datafield>
  <datafield tag="670" ind1=" " ind2=" ">
    <subfield code="a">U.S. Copyright Catalog, My heart belongs to mom</subfield>
    <subfield code="b">(Sandy Dinan Aka Echata; lives in Columbia, MO)</subfield>
  </datafield>
</record>