
<record>
  <leader>00829nz  a2200193n  4500</leader>
  <controlfield tag="001">11257051</controlfield>
  <controlfield tag="003">DLC</controlfield>
  <controlfield tag="005">20200102073002.0</controlfield>
  <controlfield tag="008">191231n| azannaabn          |n aaa     c</controlfield>
  <datafield tag="010" ind1=" " ind2=" ">
    <subfield code="a">no2019191329</subfield>
  </datafield>
  <datafield tag="035" ind1=" " ind2=" ">
    <subfield code="a">(OCoLC)oca12664130</subfield>
  </datafield>
  <datafield tag="040" ind1=" " ind2=" ">
    <subfield code="a">MdRoLAC</subfield>
    <subfield code="b">eng</subfield>
    <subfield code="e">rda</subfield>
    <subfield code="c">MdRoLAC</subfield>
  </datafield>
  <datafield tag="100" ind1="1" ind2=" ">
    <subfield code="a">Silva, Maria Matos</subfield>
  </datafield>
  <datafield tag="370" ind1=" " ind2=" ">
    <subfield code="f">Portugal</subfield>
    <subfield code="2">naf</subfield>
  </datafield>
  <datafield tag="372" ind1=" " ind2=" ">
    <subfield code="a">Natural resources</subfield>
    <subfield code="2">lcsh</subfield>
  </datafield>
  <datafield tag="373" ind1=" " ind2=" ">
    <subfield code="a">Universidade de Lisboa</subfield>
    <subfield code="2">naf</subfield>
  </datafield>
  <datafield tag="374" ind1=" " ind2=" ">
    <subfield code="a">College teachers</subfield>
    <subfield code="2">lcsh</subfield>
  </datafield>
  <datafield tag="670" ind1=" " ind2=" ">
    <subfield code="a">Public spaces for water, 2020:</subfield>
    <subfield code="b">eCIP title page (Maria Matos Silva) data view (University of Lisbon, Portugal)</subfield>
  </datafield>
  <datafield tag="670" ind1=" " ind2=" ">
    <subfield code="a">ORCID profile, viewed 31 December 2019:</subfield>
    <subfield code="b">(Instituto Superior de Agronomia: Lisbon, Lisboa, PT 2018-08-01 to present / Assistant Professor (Department of Natural Resources, Environment and Territory (DRAT)))</subfield>
    <subfield code="u">https://orcid.org/0000-0003-4608-3975</subfield>
  </datafield>
</record>