
<record>
  <leader>01217nz  a2200193n  4500</leader>
  <controlfield tag="001">11257054</controlfield>
  <controlfield tag="003">DLC</controlfield>
  <controlfield tag="005">20200102073002.0</controlfield>
  <controlfield tag="008">200101n| azannaabn          |n ana     c</controlfield>
  <datafield tag="010" ind1=" " ind2=" ">
    <subfield code="a">no2019191543</subfield>
  </datafield>
  <datafield tag="035" ind1=" " ind2=" ">
    <subfield code="a">(OCoLC)oca12665624</subfield>
  </datafield>
  <datafield tag="040" ind1=" " ind2=" ">
    <subfield code="a">MdRoLAC</subfield>
    <subfield code="b">eng</subfield>
    <subfield code="e">rda</subfield>
    <subfield code="c">MdRoLAC</subfield>
  </datafield>
  <datafield tag="046" ind1=" " ind2=" ">
    <subfield code="k">2013</subfield>
    <subfield code="2">edtf</subfield>
  </datafield>
  <datafield tag="130" ind1=" " ind2="0">
    <subfield code="a">Tongues of Heaven (Motion picture)</subfield>
  </datafield>
  <datafield tag="368" ind1=" " ind2=" ">
    <subfield code="a">Motion pictures</subfield>
    <subfield code="2">lcsh</subfield>
  </datafield>
  <datafield tag="368" ind1=" " ind2=" ">
    <subfield code="a">Documentary films</subfield>
    <subfield code="2">lcgft</subfield>
  </datafield>
  <datafield tag="372" ind1=" " ind2=" ">
    <subfield code="a">Language and languages</subfield>
    <subfield code="a">Taiwan</subfield>
    <subfield code="a">Hawaii</subfield>
    <subfield code="2">lcsh</subfield>
  </datafield>
  <datafield tag="670" ind1=" " ind2=" ">
    <subfield code="a">Third digital documentary, 2020:</subfield>
    <subfield code="b">eCIP title page (Anita Wen-Shin Chang) summary (Through a detailed analysis of her transmedia project on indigenous and minority language endangerment and revival that consists of the feature-length documentary Tongues of Heaven, and...)</subfield>
  </datafield>
  <datafield tag="670" ind1=" " ind2=" ">
    <subfield code="a">Tongues of Heaven IMDB profile, viewed 01 January 2020:</subfield>
    <subfield code="b">(TONGUES OF HEAVEN. Set in Taiwan and Hawai&apos;i, territories where languages of the Austronesian family are spoken, this experimental documentary focuses on the questions, desires and challenges of young indigenous peoples to learn the languages of their forebears-languages that are endangered or facing extinction / 2013)</subfield>
    <subfield code="u">https://www.imdb.com/title/tt3042792/plotsummary?ref_=tt_ov_pl</subfield>
  </datafield>
</record>