
<record>
  <leader>00882nz  a2200181n  4500</leader>
  <controlfield tag="001">11257055</controlfield>
  <controlfield tag="003">DLC</controlfield>
  <controlfield tag="005">20200102073002.0</controlfield>
  <controlfield tag="008">191231n| azannaabn          |n aaa     c</controlfield>
  <datafield tag="010" ind1=" " ind2=" ">
    <subfield code="a">no2019191555</subfield>
  </datafield>
  <datafield tag="035" ind1=" " ind2=" ">
    <subfield code="a">(OCoLC)oca12665966</subfield>
  </datafield>
  <datafield tag="040" ind1=" " ind2=" ">
    <subfield code="a">MdRoLAC</subfield>
    <subfield code="b">eng</subfield>
    <subfield code="e">rda</subfield>
    <subfield code="c">MdRoLAC</subfield>
  </datafield>
  <datafield tag="100" ind1="1" ind2=" ">
    <subfield code="a">Chen, Jonathan Y.</subfield>
  </datafield>
  <datafield tag="372" ind1=" " ind2=" ">
    <subfield code="a">Textiles</subfield>
    <subfield code="a">Clothing and dress</subfield>
    <subfield code="2">lcsh</subfield>
  </datafield>
  <datafield tag="373" ind1=" " ind2=" ">
    <subfield code="a">University of Texas at Austin</subfield>
    <subfield code="2">naf</subfield>
  </datafield>
  <datafield tag="374" ind1=" " ind2=" ">
    <subfield code="a">College teachers</subfield>
    <subfield code="2">lcsh</subfield>
  </datafield>
  <datafield tag="670" ind1=" " ind2=" ">
    <subfield code="a">Industrial applications of biopolymers and their environmental impact, 2020:</subfield>
    <subfield code="b">eCIP title page (editors, Abdullah Al-Mamun, Jonathan Y. Chen)</subfield>
  </datafield>
  <datafield tag="670" ind1=" " ind2=" ">
    <subfield code="a">UT Austin profile, viewed 31 December 2019:</subfield>
    <subfield code="b">(Jonathan Y Chen Professor, Renewable Fiber and Composite Laboratory Coordinator, Professor Division of Textiles and Apparel, School of Human Ecology)</subfield>
    <subfield code="u">https://cns.utexas.edu/directory/item/14-human-ecology/65-chen-jonathan-y?Itemid=349</subfield>
  </datafield>
</record>