
<record>
  <leader>00715nz  a2200181n  4500</leader>
  <controlfield tag="001">11257056</controlfield>
  <controlfield tag="003">DLC</controlfield>
  <controlfield tag="005">20200102073002.0</controlfield>
  <controlfield tag="008">191231n| azannaabn          |n aaa     c</controlfield>
  <datafield tag="010" ind1=" " ind2=" ">
    <subfield code="a">no2019191607</subfield>
  </datafield>
  <datafield tag="035" ind1=" " ind2=" ">
    <subfield code="a">(OCoLC)oca12666018</subfield>
  </datafield>
  <datafield tag="040" ind1=" " ind2=" ">
    <subfield code="a">MdRoLAC</subfield>
    <subfield code="b">eng</subfield>
    <subfield code="e">rda</subfield>
    <subfield code="c">MdRoLAC</subfield>
  </datafield>
  <datafield tag="100" ind1="1" ind2=" ">
    <subfield code="a">Winfield, Leyte L.</subfield>
  </datafield>
  <datafield tag="372" ind1=" " ind2=" ">
    <subfield code="a">Chemistry</subfield>
    <subfield code="2">lcsh</subfield>
  </datafield>
  <datafield tag="373" ind1=" " ind2=" ">
    <subfield code="a">Spelman College</subfield>
    <subfield code="2">naf</subfield>
  </datafield>
  <datafield tag="374" ind1=" " ind2=" ">
    <subfield code="a">College teachers</subfield>
    <subfield code="2">lcsh</subfield>
  </datafield>
  <datafield tag="670" ind1=" " ind2=" ">
    <subfield code="a">Growing diverse STEM communities, 2019:</subfield>
    <subfield code="b">eCIP title page (Leyte L. Winfield, editor ; Gloria Thomas, editor ; Linette M. Watkins, editor ; Zayika S. Wilson-Kennedy, editor)</subfield>
  </datafield>
  <datafield tag="670" ind1=" " ind2=" ">
    <subfield code="a">Spelman College, viewed 31 December 2019:</subfield>
    <subfield code="b">(...chemistry...)</subfield>
    <subfield code="u">https://faculty.spelman.edu/leytewinfield/about/bio/</subfield>
  </datafield>
</record>