
<record>
  <leader>00852nz  a2200181n  4500</leader>
  <controlfield tag="001">11257057</controlfield>
  <controlfield tag="003">DLC</controlfield>
  <controlfield tag="005">20200102073002.0</controlfield>
  <controlfield tag="008">191231n| azannaabn          |n aaa     c</controlfield>
  <datafield tag="010" ind1=" " ind2=" ">
    <subfield code="a">no2019191626</subfield>
  </datafield>
  <datafield tag="035" ind1=" " ind2=" ">
    <subfield code="a">(OCoLC)oca12666037</subfield>
  </datafield>
  <datafield tag="040" ind1=" " ind2=" ">
    <subfield code="a">MdRoLAC</subfield>
    <subfield code="b">eng</subfield>
    <subfield code="e">rda</subfield>
    <subfield code="c">MdRoLAC</subfield>
  </datafield>
  <datafield tag="046" ind1=" " ind2=" ">
    <subfield code="f">1975</subfield>
    <subfield code="2">edtf</subfield>
  </datafield>
  <datafield tag="100" ind1="1" ind2=" ">
    <subfield code="a">Al-Mamun, Abdullah,</subfield>
    <subfield code="d">1975-</subfield>
  </datafield>
  <datafield tag="372" ind1=" " ind2=" ">
    <subfield code="a">Engineering</subfield>
    <subfield code="a">Polymer engineering</subfield>
    <subfield code="2">lcsh</subfield>
  </datafield>
  <datafield tag="373" ind1=" " ind2=" ">
    <subfield code="a">Pelzer Holding groups</subfield>
  </datafield>
  <datafield tag="670" ind1=" " ind2=" ">
    <subfield code="a">Industrial applications of biopolymers and their environmental impact, 2020:</subfield>
    <subfield code="b">eCIP title page (editors, Abdullah Al-Mamun, Jonathan Y. Chen) data view (birth year: 1975)</subfield>
  </datafield>
  <datafield tag="670" ind1=" " ind2=" ">
    <subfield code="a">ResearchGate profile, viewed 31 December 2019:</subfield>
    <subfield code="b">(Dr. Abdullah Al-Mamun Hp Pelzer Holding groups, Witten · Research and Development-Material 21.74  PhD in Polymer Engineering)</subfield>
    <subfield code="u">https://www.researchgate.net/profile/Dr_Abdullah_Al-Mamun</subfield>
  </datafield>
</record>