
<record>
  <leader>00796nz  a2200193n  4500</leader>
  <controlfield tag="001">11257059</controlfield>
  <controlfield tag="003">DLC</controlfield>
  <controlfield tag="005">20200102073002.0</controlfield>
  <controlfield tag="008">200101n| azannaabn          |a ana     c</controlfield>
  <datafield tag="010" ind1=" " ind2=" ">
    <subfield code="a">no2019191685</subfield>
  </datafield>
  <datafield tag="035" ind1=" " ind2=" ">
    <subfield code="a">(OCoLC)oca12666096</subfield>
  </datafield>
  <datafield tag="040" ind1=" " ind2=" ">
    <subfield code="a">MdRoLAC</subfield>
    <subfield code="b">eng</subfield>
    <subfield code="e">rda</subfield>
    <subfield code="c">MdRoLAC</subfield>
  </datafield>
  <datafield tag="110" ind1="2" ind2=" ">
    <subfield code="a">Teach for China (Project)</subfield>
  </datafield>
  <datafield tag="370" ind1=" " ind2=" ">
    <subfield code="f">China</subfield>
    <subfield code="2">naf</subfield>
  </datafield>
  <datafield tag="372" ind1=" " ind2=" ">
    <subfield code="a">Teaching</subfield>
    <subfield code="a">Education</subfield>
    <subfield code="2">lcsh</subfield>
  </datafield>
  <datafield tag="410" ind1="2" ind2=" ">
    <subfield code="a">美丽中国</subfield>
  </datafield>
  <datafield tag="510" ind1="2" ind2=" ">
    <subfield code="w">r</subfield>
    <subfield code="i">Hierarchical superior</subfield>
    <subfield code="a">Teach for All (Project)</subfield>
  </datafield>
  <datafield tag="670" ind1=" " ind2=" ">
    <subfield code="a">From &quot;Teach for America&quot; to &quot;Teach for China&quot;, 2020:</subfield>
    <subfield code="b">eCIP title page (Sara Lam) summary (This book examines the role of Teach For China in addressing educational equity and expanding public participation in education)</subfield>
  </datafield>
  <datafield tag="670" ind1=" " ind2=" ">
    <subfield code="a">Teach for China website, videwed 01 January 2020:</subfield>
    <subfield code="b">(美丽中国)</subfield>
    <subfield code="u">http://tfchina.org/</subfield>
  </datafield>
</record>