
<record>
  <leader>02776nz  a2200253n  4500</leader>
  <controlfield tag="001">11257060</controlfield>
  <controlfield tag="003">DLC</controlfield>
  <controlfield tag="005">20200102073002.0</controlfield>
  <controlfield tag="008">200101n| azannaabn          |a aaa     c</controlfield>
  <datafield tag="010" ind1=" " ind2=" ">
    <subfield code="a">no2019191702</subfield>
  </datafield>
  <datafield tag="035" ind1=" " ind2=" ">
    <subfield code="a">(OCoLC)oca12666113</subfield>
  </datafield>
  <datafield tag="040" ind1=" " ind2=" ">
    <subfield code="a">ABAU</subfield>
    <subfield code="b">eng</subfield>
    <subfield code="e">rda</subfield>
    <subfield code="c">ABAU</subfield>
  </datafield>
  <datafield tag="046" ind1=" " ind2=" ">
    <subfield code="f">1953-02-07</subfield>
    <subfield code="2">edtf</subfield>
  </datafield>
  <datafield tag="100" ind1="1" ind2=" ">
    <subfield code="a">Yang, Lucia Jin-Yun</subfield>
  </datafield>
  <datafield tag="370" ind1=" " ind2=" ">
    <subfield code="a">Pingtung (Taiwan)</subfield>
    <subfield code="c">Taiwan</subfield>
    <subfield code="f">Taipei (Taiwan)</subfield>
    <subfield code="f">Hsin-chuang shih (Taiwan)</subfield>
    <subfield code="f">Kaohsiung City (Taiwan)</subfield>
    <subfield code="f">Columbus (Ohio)</subfield>
    <subfield code="2">naf</subfield>
  </datafield>
  <datafield tag="372" ind1=" " ind2=" ">
    <subfield code="a">Universities and colleges--Administration</subfield>
    <subfield code="a">Chinese language--Translating</subfield>
    <subfield code="a">Spanish language--Translating</subfield>
    <subfield code="2">lcsh</subfield>
  </datafield>
  <datafield tag="373" ind1=" " ind2=" ">
    <subfield code="a">Fu ren da xue (Hsin-chuang shih, Taiwan)</subfield>
    <subfield code="a">Wenzao wai yu da xue</subfield>
    <subfield code="a">Ohio State University</subfield>
    <subfield code="2">naf</subfield>
  </datafield>
  <datafield tag="374" ind1=" " ind2=" ">
    <subfield code="a">College administrators</subfield>
    <subfield code="a">Translators</subfield>
    <subfield code="2">lcsh</subfield>
  </datafield>
  <datafield tag="375" ind1=" " ind2=" ">
    <subfield code="a">Females</subfield>
    <subfield code="2">lcdgt</subfield>
  </datafield>
  <datafield tag="400" ind1="1" ind2=" ">
    <subfield code="a">Yang, Lucia</subfield>
    <subfield code="q">(Lucia Jin-Yun)</subfield>
  </datafield>
  <datafield tag="400" ind1="1" ind2=" ">
    <subfield code="a">Yang, Lucia J. Y.</subfield>
    <subfield code="q">(Lucia Jin-Yun)</subfield>
  </datafield>
  <datafield tag="670" ind1=" " ind2=" ">
    <subfield code="a">Vera Cañizares, S. Los toros, 2012:</subfield>
    <subfield code="b">title page ( ... traducción: Lucia Yang ... Sala de Exposiciónes del Centro de Estudios Europeos, Universidad Wenzao, Taiwan, 1 a 31 de Mayo de 2012)</subfield>
  </datafield>
  <datafield tag="670" ind1=" " ind2=" ">
    <subfield code="a">Wenzao Ursuline University of Languages fact sheet 2018, via WWW, Dec. 31, 2019</subfield>
    <subfield code="b">(Office of International and Cross-strait Cooperation, 900 Mintsu 1st Road, Kaohsiung 80793, Taiwan R.O.C. ... Dean of International and Cross-strait Cooperation, Dr. Lucia Jin-Yun Yang, Ph.D. in Spanish Peninsular Literature)</subfield>
    <subfield code="u">https://www.u-fukui.ac.jp/wp/wp-content/uploads/Wenzao-Fact-Sheet-For-2018.pdf</subfield>
  </datafield>
  <datafield tag="670" ind1=" " ind2=" ">
    <subfield code="a">Her La obra de Santa Teresa - La vida y las moradas, 2008, via WWW, Jan. 1, 2020</subfield>
    <subfield code="b">title page (Dissertation. Presented in partial fulfillment of the requirements for the degree Doctor of Philosophy in the Graduate  School of The Ohio State University  / by Lucia Jin Yun Yang. The Ohio State University, 2008) page vii (Vita. February 7, 1953: Born - Pingtung, Taiwan, 1973; Associate of Art, Wenzao Ursuline College, Taiwan; 1974-1980: Traductora auxiliar, Embajada de Colombia en Taipei, Taiwan; ... 1993-1996: Secretaria y Traductora, Embajada de Guatemala en Taipei, Taiwán; 1996: Master en Español, Universidad de Fu-Jen, Taiwán - Publication 1996: Lucia J. Y. Yang.  La vía espiritual del misticismo: San Juan de la Cruz y  Tung-Shan Liang-Chieh. Tesis de Licenciatura presentada al instituto de  posgraduados de lenguas y literaturas hispánicas de la Universidad Católica  Fu-Jen. Taipei, Taiwan; 1996-2000: Directora, Dpto. Secretarial, Wenzao Ursuline College, Taiwan; 1996-2003: Instructora, Dpto. de Español, Wenzao Ursuline College, Taiwan; 2007: A.B.D. [all but dissertation] en Español, The Ohio State University; 2003-presente: T.A, Dpto. de Español, The Ohio State University)</subfield>
    <subfield code="u">https://studylib.es/doc/8391552/la-obra-de-santa-teresa--la-vida-y-las-moradas</subfield>
  </datafield>
</record>