
<record>
  <leader>00672nz  a2200169n  4500</leader>
  <controlfield tag="001">11257061</controlfield>
  <controlfield tag="003">DLC</controlfield>
  <controlfield tag="005">20200102073002.0</controlfield>
  <controlfield tag="008">191231n| azannaabn          |n ana     c</controlfield>
  <datafield tag="010" ind1=" " ind2=" ">
    <subfield code="a">no2019191713</subfield>
  </datafield>
  <datafield tag="035" ind1=" " ind2=" ">
    <subfield code="a">(OCoLC)oca12666124</subfield>
  </datafield>
  <datafield tag="040" ind1=" " ind2=" ">
    <subfield code="a">MdRoLAC</subfield>
    <subfield code="b">eng</subfield>
    <subfield code="e">rda</subfield>
    <subfield code="c">MdRoLAC</subfield>
  </datafield>
  <datafield tag="046" ind1=" " ind2=" ">
    <subfield code="s">2018</subfield>
    <subfield code="t">2018</subfield>
    <subfield code="2">edtf</subfield>
  </datafield>
  <datafield tag="111" ind1="2" ind2=" ">
    <subfield code="a">Julian Schwinger Centennial Conference</subfield>
    <subfield code="d">(2018 :</subfield>
    <subfield code="c">National University of Singapore)</subfield>
  </datafield>
  <datafield tag="368" ind1=" " ind2=" ">
    <subfield code="a">Congresses and conventions</subfield>
    <subfield code="2">lcsh</subfield>
  </datafield>
  <datafield tag="373" ind1=" " ind2=" ">
    <subfield code="a">National University of Singapore</subfield>
    <subfield code="2">naf</subfield>
  </datafield>
  <datafield tag="670" ind1=" " ind2=" ">
    <subfield code="a">Proceedings of the Julian Schwinger Centennial Conference, 7-12 February 2018, National University of Singapore, 2020:</subfield>
    <subfield code="b">eCIP title page (editor, Berthold-Georg Englert)</subfield>
  </datafield>
</record>