
<record>
  <leader>00841nz  a2200181n  4500</leader>
  <controlfield tag="001">11257062</controlfield>
  <controlfield tag="003">DLC</controlfield>
  <controlfield tag="005">20200102073002.0</controlfield>
  <controlfield tag="008">191231n| azannaabn          |n aaa     c</controlfield>
  <datafield tag="010" ind1=" " ind2=" ">
    <subfield code="a">no2019191732</subfield>
  </datafield>
  <datafield tag="035" ind1=" " ind2=" ">
    <subfield code="a">(OCoLC)oca12666143</subfield>
  </datafield>
  <datafield tag="040" ind1=" " ind2=" ">
    <subfield code="a">MdRoLAC</subfield>
    <subfield code="b">eng</subfield>
    <subfield code="e">rda</subfield>
    <subfield code="c">MdRoLAC</subfield>
  </datafield>
  <datafield tag="100" ind1="1" ind2=" ">
    <subfield code="a">Pyzer-Knapp, Edward O.</subfield>
  </datafield>
  <datafield tag="372" ind1=" " ind2=" ">
    <subfield code="a">Machine learning</subfield>
    <subfield code="2">lcsh</subfield>
  </datafield>
  <datafield tag="373" ind1=" " ind2=" ">
    <subfield code="a">International Business Machines Corporation</subfield>
    <subfield code="a">University of Cambridge</subfield>
    <subfield code="2">naf</subfield>
  </datafield>
  <datafield tag="375" ind1=" " ind2=" ">
    <subfield code="a">Males</subfield>
    <subfield code="2">lcdgt</subfield>
  </datafield>
  <datafield tag="670" ind1=" " ind2=" ">
    <subfield code="a">Machine learning in chemistry, 2019:</subfield>
    <subfield code="b">eCIP title page (Edward O. Pyzer-Knapp, editor ; Teodoro Laino, editor)</subfield>
  </datafield>
  <datafield tag="670" ind1=" " ind2=" ">
    <subfield code="a">IBM profile, viewed 31 December 2019:</subfield>
    <subfield code="b">(Dr Edward O. Pyzer-Knapp is the UK lead for AI and Machine Learning Research.  He obtained his PhD from the University of Cambridge...)</subfield>
    <subfield code="u">https://researcher.watson.ibm.com/researcher/view.php?person=uk-EPyzerK3</subfield>
  </datafield>
</record>