
<record>
  <leader>00788nz  a2200205n  4500</leader>
  <controlfield tag="001">11257063</controlfield>
  <controlfield tag="003">DLC</controlfield>
  <controlfield tag="005">20200102073508.0</controlfield>
  <controlfield tag="008">200102nn azannaabn          |b aaa      </controlfield>
  <datafield tag="010" ind1=" " ind2=" ">
    <subfield code="a">n 2020200003</subfield>
  </datafield>
  <datafield tag="040" ind1=" " ind2=" ">
    <subfield code="a">DLC</subfield>
    <subfield code="b">eng</subfield>
    <subfield code="c">DLC</subfield>
    <subfield code="e">rda</subfield>
  </datafield>
  <datafield tag="100" ind1="1" ind2=" ">
    <subfield code="a">Saqqāf, Maḥmūd ʻAlī</subfield>
  </datafield>
  <datafield tag="372" ind1=" " ind2=" ">
    <subfield code="a">Law</subfield>
    <subfield code="2">lcsh</subfield>
  </datafield>
  <datafield tag="374" ind1=" " ind2=" ">
    <subfield code="a">Judges</subfield>
    <subfield code="2">lcsh</subfield>
  </datafield>
  <datafield tag="375" ind1=" " ind2=" ">
    <subfield code="a">male</subfield>
  </datafield>
  <datafield tag="377" ind1=" " ind2=" ">
    <subfield code="a">ara</subfield>
  </datafield>
  <datafield tag="400" ind1="1" ind2=" ">
    <subfield code="a">‏سقاف، محمود علي</subfield>
  </datafield>
  <datafield tag="667" ind1=" " ind2=" ">
    <subfield code="a">Non-Latin script reference not evaluated.</subfield>
  </datafield>
  <datafield tag="670" ind1=" " ind2=" ">
    <subfield code="a">al-Raqābah al-qaqḍāʼīyah ʻalá intikhābāt al-majālis al-maḥalliyah fī al-Mamlakah al-Maghribīyah wa-al-Jumhūrīyah al-Yamanīyah, 2018:</subfield>
    <subfield code="b">title page (القاضي الدكتور محمود علي السقاف = al-Qāḍī al-Duktūr Maḥmūd ʻAlī al-Saqqāf)</subfield>
  </datafield>
  <datafield tag="953" ind1=" " ind2=" ">
    <subfield code="a">we52</subfield>
  </datafield>
</record>