
<record>
  <leader>00396nz  a2200121n  4500</leader>
  <controlfield tag="001">11257064</controlfield>
  <controlfield tag="003">DLC</controlfield>
  <controlfield tag="005">20200102083035.0</controlfield>
  <controlfield tag="008">200102n| azannaabn          |n aaa      </controlfield>
  <datafield tag="010" ind1=" " ind2=" ">
    <subfield code="a"></subfield>
  </datafield>
  <datafield tag="040" ind1=" " ind2=" ">
    <subfield code="a">DLC</subfield>
    <subfield code="b">eng</subfield>
    <subfield code="e">rda</subfield>
    <subfield code="c">DLC</subfield>
  </datafield>
  <datafield tag="100" ind1="1" ind2=" ">
    <subfield code="a">Müller, Julia Alexandra</subfield>
  </datafield>
  <datafield tag="670" ind1=" " ind2=" ">
    <subfield code="a">Internationale Verweisungen und forum (non) conveniens im europäischen Konzerninsolvenzrecht, 2019:</subfield>
    <subfield code="b">title page (Julia Alexandra Müller)</subfield>
  </datafield>
</record>