
<record>
  <leader>00632cz  a2200157n  4500</leader>
  <controlfield tag="001">11257065</controlfield>
  <controlfield tag="003">DLC</controlfield>
  <controlfield tag="005">20200102090648.0</controlfield>
  <controlfield tag="008">200102n| azannaabn          |a ana      </controlfield>
  <datafield tag="010" ind1=" " ind2=" ">
    <subfield code="a">n 2020000002</subfield>
  </datafield>
  <datafield tag="040" ind1=" " ind2=" ">
    <subfield code="a">DLC</subfield>
    <subfield code="b">eng</subfield>
    <subfield code="e">rda</subfield>
    <subfield code="c">DLC</subfield>
  </datafield>
  <datafield tag="110" ind1="2" ind2=" ">
    <subfield code="a">7th Ave. Stompers (Musical group)</subfield>
  </datafield>
  <datafield tag="368" ind1=" " ind2=" ">
    <subfield code="a">Musical groups</subfield>
    <subfield code="2">lcsh</subfield>
  </datafield>
  <datafield tag="372" ind1=" " ind2=" ">
    <subfield code="a">Dixieland music</subfield>
    <subfield code="2">lcsh</subfield>
  </datafield>
  <datafield tag="410" ind1="2" ind2=" ">
    <subfield code="a">Seventh Ave. Stompers (Musical group)</subfield>
  </datafield>
  <datafield tag="670" ind1=" " ind2=" ">
    <subfield code="a">7th Ave. Stompers (Musical group). Fidgety feet, ℗1984:</subfield>
    <subfield code="b">label (7th Ave. Stompers) container (group of staunch swing veterans; had no problem in coming to grips with a group of selections mainly from the Dixieland repertoire)</subfield>
  </datafield>
</record>