
<record>
  <leader>00298nz  a2200121n  4500</leader>
  <controlfield tag="001">11257066</controlfield>
  <controlfield tag="003">DLC</controlfield>
  <controlfield tag="005">20200102090428.0</controlfield>
  <controlfield tag="008">200102n| azannaabn          |n aaa      </controlfield>
  <datafield tag="010" ind1=" " ind2=" ">
    <subfield code="a">n 2020000004</subfield>
  </datafield>
  <datafield tag="040" ind1=" " ind2=" ">
    <subfield code="a">DLC</subfield>
    <subfield code="b">eng</subfield>
    <subfield code="e">rda</subfield>
    <subfield code="c">DLC</subfield>
  </datafield>
  <datafield tag="100" ind1="1" ind2=" ">
    <subfield code="a">Krenzer, Guy</subfield>
  </datafield>
  <datafield tag="670" ind1=" " ind2=" ">
    <subfield code="a">Maison Lenôtre, 2017:</subfield>
    <subfield code="b">t.p. (Guy Krenzer)</subfield>
  </datafield>
</record>