
<record>
  <leader>00583cz  a2200157n  4500</leader>
  <controlfield tag="001">11257069</controlfield>
  <controlfield tag="003">DLC</controlfield>
  <controlfield tag="005">20200102093123.0</controlfield>
  <controlfield tag="008">200102n| azannaabn          |n aaa      </controlfield>
  <datafield tag="010" ind1=" " ind2=" ">
    <subfield code="a">n 2020000008</subfield>
  </datafield>
  <datafield tag="040" ind1=" " ind2=" ">
    <subfield code="a">DLC</subfield>
    <subfield code="b">eng</subfield>
    <subfield code="c">DLC</subfield>
    <subfield code="e">rda</subfield>
  </datafield>
  <datafield tag="100" ind1="1" ind2=" ">
    <subfield code="a">Harteisen, Ulrich</subfield>
  </datafield>
  <datafield tag="370" ind1=" " ind2=" ">
    <subfield code="c">Germany</subfield>
    <subfield code="2">naf</subfield>
  </datafield>
  <datafield tag="372" ind1=" " ind2=" ">
    <subfield code="a">Resource management</subfield>
  </datafield>
  <datafield tag="377" ind1=" " ind2=" ">
    <subfield code="a">ger</subfield>
  </datafield>
  <datafield tag="670" ind1=" " ind2=" ">
    <subfield code="a">Tagungsband &quot;Land und Stadt--Lebenswelten und planerische Praxis&quot; 24. November 2016, 2017:</subfield>
    <subfield code="b">title page (Hochschule für angewandte Wissenschaft und Kunst (HAWK), Fakultät Ressourcenmanagement in Göttingen, Prof. Dr. Ulrich Harteisen)</subfield>
  </datafield>
</record>