
<record>
  <leader>00523cz  a2200133n  4500</leader>
  <controlfield tag="001">11257070</controlfield>
  <controlfield tag="003">DLC</controlfield>
  <controlfield tag="005">20200102091924.0</controlfield>
  <controlfield tag="008">200102n| azannaabn          |n aaa      </controlfield>
  <datafield tag="010" ind1=" " ind2=" ">
    <subfield code="a">n 2020000013</subfield>
  </datafield>
  <datafield tag="040" ind1=" " ind2=" ">
    <subfield code="a">DLC</subfield>
    <subfield code="b">eng</subfield>
    <subfield code="e">rda</subfield>
    <subfield code="c">DLC</subfield>
  </datafield>
  <datafield tag="100" ind1="1" ind2=" ">
    <subfield code="a">Weis, Anna Lena</subfield>
  </datafield>
  <datafield tag="372" ind1=" " ind2=" ">
    <subfield code="a">Law</subfield>
    <subfield code="2">lcsh</subfield>
  </datafield>
  <datafield tag="670" ind1=" " ind2=" ">
    <subfield code="a">Französische Immobilien verwaltende Gesellschaften mit deutschem Gesellschafter unter besonderer Berücksichtigung des deutsch-französischen Abkommensrechts, 2019:</subfield>
    <subfield code="b">title page (Anna Lena Weis) t.p. verso (Ph.D. from Univ. Trier, 2018)</subfield>
  </datafield>
</record>