
<record>
  <leader>00846nz  a2200121n  4500</leader>
  <controlfield tag="001">11257071</controlfield>
  <controlfield tag="003">DLC</controlfield>
  <controlfield tag="005">20200102091901.0</controlfield>
  <controlfield tag="008">200102n| azannaabn          |n aaa      </controlfield>
  <datafield tag="010" ind1=" " ind2=" ">
    <subfield code="a">n 2020000012</subfield>
  </datafield>
  <datafield tag="040" ind1=" " ind2=" ">
    <subfield code="a">DLC</subfield>
    <subfield code="b">eng</subfield>
    <subfield code="e">rda</subfield>
    <subfield code="c">DLC</subfield>
  </datafield>
  <datafield tag="100" ind1="1" ind2=" ">
    <subfield code="a">Bildner, Robert</subfield>
  </datafield>
  <datafield tag="670" ind1=" " ind2=" ">
    <subfield code="a">The Berkshires farm table cookbook, 2020:</subfield>
    <subfield code="b">ECIP title page (Robert Bildner) galley (Robert “Rob” Bildner is a former attorney who left the  practice of law to create, run, and eventually sell several  food distribution and manufacturing companies. Bildner is  also a winemaker and owner of a fine wines and  spirits shop. In addition to his background in the food business, he is active in the nonprofit and philanthropic world. Bildner and his wife, Elisa Spungen Bildner, established the Foundation for Jewish Camp, and he serves his alma mater, Yale, in many leadership capacities)</subfield>
  </datafield>
</record>