
<record>
  <leader>00780nz  a2200169n  4500</leader>
  <controlfield tag="001">11257072</controlfield>
  <controlfield tag="003">DLC</controlfield>
  <controlfield tag="005">20200102092056.0</controlfield>
  <controlfield tag="008">200102n| azannaabn          |a aaa      </controlfield>
  <datafield tag="010" ind1=" " ind2=" ">
    <subfield code="a">n 2020000005</subfield>
  </datafield>
  <datafield tag="040" ind1=" " ind2=" ">
    <subfield code="a">DLC</subfield>
    <subfield code="b">eng</subfield>
    <subfield code="e">rda</subfield>
    <subfield code="c">DLC</subfield>
  </datafield>
  <datafield tag="100" ind1="1" ind2=" ">
    <subfield code="a">Cavazzoli, Alberto</subfield>
  </datafield>
  <datafield tag="370" ind1=" " ind2=" ">
    <subfield code="c">Italy</subfield>
    <subfield code="2">naf</subfield>
  </datafield>
  <datafield tag="372" ind1=" " ind2=" ">
    <subfield code="a">History</subfield>
    <subfield code="2">lcsh</subfield>
  </datafield>
  <datafield tag="377" ind1=" " ind2=" ">
    <subfield code="a">ita</subfield>
  </datafield>
  <datafield tag="400" ind1="1" ind2=" ">
    <subfield code="a">Ferrando, Cesare</subfield>
  </datafield>
  <datafield tag="670" ind1=" " ind2=" ">
    <subfield code="a">Ferrante Gonzaga, 2019:</subfield>
    <subfield code="b">title page (Alberto Cavazzoli) back cover flap (occupied for years with esoteric themes relating to the Gonzaga and has conducted extensive research on the relic of the Holy Blood in Mantua and the presence of the Templars in North Central Italy; author of two works under pseudonym Cesare Ferrando: &quot;Alla ricerca del Santo Graal nelle terre dei Gonzaga&quot; and &quot;Il codice di Dan Brown&quot;)</subfield>
  </datafield>
</record>