
<record>
  <leader>00512cz  a2200145n  4500</leader>
  <controlfield tag="001">11257074</controlfield>
  <controlfield tag="003">DLC</controlfield>
  <controlfield tag="005">20200102092628.0</controlfield>
  <controlfield tag="008">200102 | azannbabn          |n aaa      </controlfield>
  <datafield tag="010" ind1=" " ind2=" ">
    <subfield code="a">n 2020000011</subfield>
  </datafield>
  <datafield tag="040" ind1=" " ind2=" ">
    <subfield code="a">DLC</subfield>
    <subfield code="b">eng</subfield>
    <subfield code="e">rda</subfield>
    <subfield code="c">DLC</subfield>
  </datafield>
  <datafield tag="100" ind1="1" ind2=" ">
    <subfield code="a">Christensen, Charles Morris,</subfield>
    <subfield code="d">1932-2005.</subfield>
  </datafield>
  <datafield tag="370" ind1=" " ind2=" ">
    <subfield code="a">Utah</subfield>
    <subfield code="2">naf</subfield>
  </datafield>
  <datafield tag="670" ind1=" " ind2=" ">
    <subfield code="a">Work cat.: Bednar, LeAnn. My final ride, 2014</subfield>
    <subfield code="b">dedication (Father of LeAnn Bednar) p. 321 (died in 2005)</subfield>
  </datafield>
  <datafield tag="670" ind1=" " ind2=" ">
    <subfield code="a">United States Census 1940 WWW site, retrieved January 2, 2020</subfield>
    <subfield code="b">(born 1932 in Utah)</subfield>
  </datafield>
</record>