
<record>
  <leader>00875nz  a2200133n  4500</leader>
  <controlfield tag="001">11257075</controlfield>
  <controlfield tag="003">DLC</controlfield>
  <controlfield tag="005">20200102092714.0</controlfield>
  <controlfield tag="008">200102n| azannaabn           n aaa      </controlfield>
  <datafield tag="010" ind1=" " ind2=" ">
    <subfield code="a">n 2020000015</subfield>
  </datafield>
  <datafield tag="040" ind1=" " ind2=" ">
    <subfield code="a">DLC</subfield>
    <subfield code="b">eng</subfield>
    <subfield code="e">rda</subfield>
    <subfield code="c">DLC</subfield>
  </datafield>
  <datafield tag="100" ind1="1" ind2=" ">
    <subfield code="a">Griffin, Adam</subfield>
  </datafield>
  <datafield tag="670" ind1=" " ind2=" ">
    <subfield code="a">Family discipleship, 2020:</subfield>
    <subfield code="b">ECIP title page (Adam Griffin) colophon (the Village Church)</subfield>
  </datafield>
  <datafield tag="670" ind1=" " ind2=" ">
    <subfield code="a">Eastside Community Church website, Jan. 2, 2019</subfield>
    <subfield code="b">(Adam Griffin was leading as an elder and executive team member of The Village Church before becoming Eastside&apos;s Lead Pastor; completed a Bachelor&apos;s in Education and Theology at Concordia University Wisconsin, a Master&apos;s in Theology at Southwestern Baptist Theological Seminary, a Certificate of Youth and Family Ministry from Fuller Theological Seminary and a Doctorate of Educational Ministry in Executive Leadership at Southern Seminary; lives in Lake Highlands)</subfield>
  </datafield>
</record>