
<record>
  <leader>00390nz  a2200121n  4500</leader>
  <controlfield tag="001">11257076</controlfield>
  <controlfield tag="003">DLC</controlfield>
  <controlfield tag="005">20200102092952.0</controlfield>
  <controlfield tag="008">200102n| azannaabn          |n aaa      </controlfield>
  <datafield tag="010" ind1=" " ind2=" ">
    <subfield code="a">n 2020000019</subfield>
  </datafield>
  <datafield tag="040" ind1=" " ind2=" ">
    <subfield code="a">DLC</subfield>
    <subfield code="b">eng</subfield>
    <subfield code="e">rda</subfield>
    <subfield code="c">DLC</subfield>
  </datafield>
  <datafield tag="100" ind1="1" ind2=" ">
    <subfield code="a">Péréto, Jacques</subfield>
  </datafield>
  <datafield tag="670" ind1=" " ind2=" ">
    <subfield code="a">Le couvent des Sœurs de Notre-Dame de la compassion à Castelsarrasin de 1844 à 2006, 2017:</subfield>
    <subfield code="b">title page (Jacques Péréto)</subfield>
  </datafield>
</record>