
<record>
  <leader>01218nz  a2200229n  4500</leader>
  <controlfield tag="001">11257077</controlfield>
  <controlfield tag="003">DLC</controlfield>
  <controlfield tag="005">20200102092953.0</controlfield>
  <controlfield tag="008">200102n| azannaabn          |b aaa      </controlfield>
  <datafield tag="010" ind1=" " ind2=" ">
    <subfield code="a">n 2020000017</subfield>
  </datafield>
  <datafield tag="040" ind1=" " ind2=" ">
    <subfield code="a">DLC</subfield>
    <subfield code="b">eng</subfield>
    <subfield code="c">DLC</subfield>
    <subfield code="e">rda</subfield>
  </datafield>
  <datafield tag="100" ind1="1" ind2=" ">
    <subfield code="a">I︠A︡nchuk, Serhiĭ</subfield>
  </datafield>
  <datafield tag="373" ind1=" " ind2=" ">
    <subfield code="a">Kyïvsʹkyĭ nat︠s︡ionalʹnyĭ universytet imeni Tarasa Shevchenka</subfield>
    <subfield code="2">naf</subfield>
  </datafield>
  <datafield tag="374" ind1=" " ind2=" ">
    <subfield code="a">Philologists</subfield>
    <subfield code="2">lcsh</subfield>
  </datafield>
  <datafield tag="375" ind1=" " ind2=" ">
    <subfield code="a">male</subfield>
  </datafield>
  <datafield tag="378" ind1=" " ind2=" ">
    <subfield code="q">Serhiĭ I︠A︡roslavovych</subfield>
  </datafield>
  <datafield tag="400" ind1="1" ind2=" ">
    <subfield code="a">I︠A︡nchuk, Serhiĭ I︠A︡roslavovych</subfield>
  </datafield>
  <datafield tag="400" ind1="1" ind2=" ">
    <subfield code="a">Янчук, Сергій</subfield>
  </datafield>
  <datafield tag="400" ind1="1" ind2=" ">
    <subfield code="a">Янчук, Сергій Ярославович</subfield>
  </datafield>
  <datafield tag="667" ind1=" " ind2=" ">
    <subfield code="a">Non-Latin script reference not evaluated.</subfield>
  </datafield>
  <datafield tag="670" ind1=" " ind2=" ">
    <subfield code="a">Osoblyvosti perekladu anhlomovnoï viĭsʹkovoï dokumentat︠s︡iï myrotvorchykh misiĭ OON ta NATO, 2013:</subfield>
    <subfield code="b">title page (Сергій Янчук = Serhiĭ I︠A︡nchuk) page 4 of cover (Янчук Сергій Ярославович = I︠A︡nchuk Serhiĭ I︠A︡roslavovych; кандидат філологічних наук, викладає англійську мову в Київському національному університеті імені Тараса Шевченка)</subfield>
  </datafield>
  <datafield tag="953" ind1=" " ind2=" ">
    <subfield code="a">fc04</subfield>
  </datafield>
</record>