
<record>
  <leader>00648nz  a2200169n  4500</leader>
  <controlfield tag="001">11257078</controlfield>
  <controlfield tag="003">DLC</controlfield>
  <controlfield tag="005">20200102092954.0</controlfield>
  <controlfield tag="008">200102n| azannaabn          |a aaa      </controlfield>
  <datafield tag="010" ind1=" " ind2=" ">
    <subfield code="a">n 2020000016</subfield>
  </datafield>
  <datafield tag="040" ind1=" " ind2=" ">
    <subfield code="a">DLC</subfield>
    <subfield code="b">eng</subfield>
    <subfield code="c">DLC</subfield>
    <subfield code="e">rda</subfield>
  </datafield>
  <datafield tag="100" ind1="1" ind2=" ">
    <subfield code="a">Eigner-Thiel, Swantje</subfield>
  </datafield>
  <datafield tag="370" ind1=" " ind2=" ">
    <subfield code="c">Germany</subfield>
    <subfield code="2">naf</subfield>
  </datafield>
  <datafield tag="372" ind1=" " ind2=" ">
    <subfield code="a">Resource management</subfield>
  </datafield>
  <datafield tag="377" ind1=" " ind2=" ">
    <subfield code="a">ger</subfield>
  </datafield>
  <datafield tag="400" ind1="1" ind2=" ">
    <subfield code="a">Thiel, Swantje Eigner-</subfield>
  </datafield>
  <datafield tag="670" ind1=" " ind2=" ">
    <subfield code="a">Tagungsband &quot;Land und Stadt--Lebenswelten und planerische Praxis&quot; 24. November 2016, 2017:</subfield>
    <subfield code="b">title page (Hochschule für angewandte Wissenschaft und Kunst (HAWK), Fakultät Ressourcenmanagement in Göttingen; Dr. Swantje Eigner-Thiel) page 188 (Dipl.-Psych.)</subfield>
  </datafield>
</record>