
<record>
  <leader>00414nz  a2200121n  4500</leader>
  <controlfield tag="001">11257079</controlfield>
  <controlfield tag="003">DLC</controlfield>
  <controlfield tag="005">20200102092956.0</controlfield>
  <controlfield tag="008">200102n| azannaabn          |n ana      </controlfield>
  <datafield tag="010" ind1=" " ind2=" ">
    <subfield code="a">n 2020000018</subfield>
  </datafield>
  <datafield tag="040" ind1=" " ind2=" ">
    <subfield code="a">DLC</subfield>
    <subfield code="b">eng</subfield>
    <subfield code="e">rda</subfield>
    <subfield code="c">DLC</subfield>
  </datafield>
  <datafield tag="110" ind1="2" ind2=" ">
    <subfield code="a">Socialy Press</subfield>
  </datafield>
  <datafield tag="670" ind1=" " ind2=" ">
    <subfield code="a">Religion and media in China, 2018:</subfield>
    <subfield code="b">title page (Socialy Press, an imprint of Scitus Academics) verso title page (Valley Cottage, NY, United States of America)</subfield>
  </datafield>
</record>