
<record>
  <leader>00399nz  a2200133n  4500</leader>
  <controlfield tag="001">11257080</controlfield>
  <controlfield tag="003">DLC</controlfield>
  <controlfield tag="005">20200102093251.0</controlfield>
  <controlfield tag="008">200102n| azannaabn          |n aaa      </controlfield>
  <datafield tag="010" ind1=" " ind2=" ">
    <subfield code="a">n 2020000021</subfield>
  </datafield>
  <datafield tag="040" ind1=" " ind2=" ">
    <subfield code="a">DLC</subfield>
    <subfield code="b">eng</subfield>
    <subfield code="c">DLC</subfield>
    <subfield code="e">rda</subfield>
  </datafield>
  <datafield tag="046" ind1=" " ind2=" ">
    <subfield code="f">1968</subfield>
  </datafield>
  <datafield tag="100" ind1="1" ind2=" ">
    <subfield code="a">Zantow, Chris,</subfield>
    <subfield code="d">1968-</subfield>
  </datafield>
  <datafield tag="670" ind1=" " ind2=" ">
    <subfield code="a">Building the Brewers, 2019:</subfield>
    <subfield code="b">ECIP title page (Chris Zantow) LCCN Contributors (Chris Zantow, year of birth, 1968.)</subfield>
  </datafield>
</record>