
<record>
  <leader>00441nz  a2200133n  4500</leader>
  <controlfield tag="001">11257081</controlfield>
  <controlfield tag="003">DLC</controlfield>
  <controlfield tag="005">20200102093341.0</controlfield>
  <controlfield tag="008">200102n| azannaabn          |a aaa      </controlfield>
  <datafield tag="010" ind1=" " ind2=" ">
    <subfield code="a">n 2020000023</subfield>
  </datafield>
  <datafield tag="040" ind1=" " ind2=" ">
    <subfield code="a">DLC</subfield>
    <subfield code="b">eng</subfield>
    <subfield code="e">rda</subfield>
    <subfield code="c">DLC</subfield>
  </datafield>
  <datafield tag="100" ind1="1" ind2=" ">
    <subfield code="a">Hitti, Philip K.</subfield>
    <subfield code="q">(Philip Khuri),</subfield>
    <subfield code="d">1886-1978.</subfield>
    <subfield code="t">Lebanon in history.</subfield>
    <subfield code="l">Arabic</subfield>
  </datafield>
  <datafield tag="400" ind1="1" ind2=" ">
    <subfield code="a">Hitti, Philip K.</subfield>
    <subfield code="q">(Philip Khuri),</subfield>
    <subfield code="d">1886-1978.</subfield>
    <subfield code="t">Lubnān fī al-tārīkh</subfield>
  </datafield>
  <datafield tag="670" ind1=" " ind2=" ">
    <subfield code="a">Lubnān fī al-tārīkh, 1959</subfield>
  </datafield>
</record>