
<record>
  <leader>00744nz  a2200133n  4500</leader>
  <controlfield tag="001">11257082</controlfield>
  <controlfield tag="003">DLC</controlfield>
  <controlfield tag="005">20200102093602.0</controlfield>
  <controlfield tag="008">200102n| azannaabn          |a ana      </controlfield>
  <datafield tag="010" ind1=" " ind2=" ">
    <subfield code="a">n 2020000020</subfield>
  </datafield>
  <datafield tag="040" ind1=" " ind2=" ">
    <subfield code="a">DLC</subfield>
    <subfield code="b">eng</subfield>
    <subfield code="e">rda</subfield>
    <subfield code="c">DLC</subfield>
  </datafield>
  <datafield tag="110" ind1="2" ind2=" ">
    <subfield code="a">Congrégation des religieuses de Notre-Dame de la compassion (Castelsarrasin, France)</subfield>
  </datafield>
  <datafield tag="410" ind1="2" ind2=" ">
    <subfield code="a">Sœurs de Notre-Dame de la compassion (Castelsarrasin, France)</subfield>
  </datafield>
  <datafield tag="670" ind1=" " ind2=" ">
    <subfield code="a">Le couvent des Sœurs de Notre-Dame de la compassion à Castelsarrasin de 1844 à 2006, 2017:</subfield>
    <subfield code="b">p. 5 (Congrégation des religieuses de Notre-Dame de la compassion; founded 1817 by abbé Maurice Garrigou and Jeanne-Marie Desclaux in Toulouse; branch convent in Castelsarrasin constructed 1843-1845; first sisters arrived in Oct. 1844)</subfield>
  </datafield>
</record>