
<record>
  <leader>00576cz  a2200145n  4500</leader>
  <controlfield tag="001">11257084</controlfield>
  <controlfield tag="003">DLC</controlfield>
  <controlfield tag="005">20200102094504.0</controlfield>
  <controlfield tag="008">200102n| azannaabn          |n aaa      </controlfield>
  <datafield tag="010" ind1=" " ind2=" ">
    <subfield code="a">n 2020000024</subfield>
  </datafield>
  <datafield tag="040" ind1=" " ind2=" ">
    <subfield code="a">DLC</subfield>
    <subfield code="b">eng</subfield>
    <subfield code="e">rda</subfield>
    <subfield code="c">DLC</subfield>
  </datafield>
  <datafield tag="100" ind1="1" ind2=" ">
    <subfield code="a">Kassaï, Didier</subfield>
  </datafield>
  <datafield tag="375" ind1=" " ind2=" ">
    <subfield code="a">Males</subfield>
    <subfield code="2">lcdgt</subfield>
  </datafield>
  <datafield tag="377" ind1=" " ind2=" ">
    <subfield code="a">fre</subfield>
  </datafield>
  <datafield tag="670" ind1=" " ind2=" ">
    <subfield code="a">Maison sans fenêtre, 2017:</subfield>
    <subfield code="b">title page (Didier Kassaï) préface ( ... &quot;Ce roman graphique suit pas à pas l&apos;artiste Didier Kassaï, allant à la rencontre des jeunes dans son pays... afin de comprendre tous les défis auxqels is se trouvent confrontés&quot; ...)</subfield>
  </datafield>
</record>