
<record>
  <leader>00533nz  a2200169n  4500</leader>
  <controlfield tag="001">11257086</controlfield>
  <controlfield tag="003">DLC</controlfield>
  <controlfield tag="005">20200102094151.0</controlfield>
  <controlfield tag="008">200102n| azannaabn          |a aaa      </controlfield>
  <datafield tag="010" ind1=" " ind2=" ">
    <subfield code="a">n 2020000026</subfield>
  </datafield>
  <datafield tag="040" ind1=" " ind2=" ">
    <subfield code="a">DLC</subfield>
    <subfield code="b">eng</subfield>
    <subfield code="e">rda</subfield>
    <subfield code="c">DLC</subfield>
  </datafield>
  <datafield tag="100" ind1="1" ind2=" ">
    <subfield code="a">Banza Lenge Kikwike, Paulin</subfield>
  </datafield>
  <datafield tag="375" ind1=" " ind2=" ">
    <subfield code="a">male</subfield>
  </datafield>
  <datafield tag="377" ind1=" " ind2=" ">
    <subfield code="a">fre</subfield>
  </datafield>
  <datafield tag="400" ind1="1" ind2=" ">
    <subfield code="a">Kikwike, Paulin Banza Lenge</subfield>
  </datafield>
  <datafield tag="400" ind1="1" ind2=" ">
    <subfield code="a">Lenge Kikwike, Paulin Banza</subfield>
  </datafield>
  <datafield tag="670" ind1=" " ind2=" ">
    <subfield code="a">Regard sur l&apos;Université de Kamina, 2018:</subfield>
    <subfield code="b">title page (Paulin Banza Lenge Kikwike) p. 4 of cover recteur de l&apos;Université de Kamina)</subfield>
  </datafield>
</record>