
<record>
  <leader>00834cz  a2200217n  4500</leader>
  <controlfield tag="001">11257087</controlfield>
  <controlfield tag="003">DLC</controlfield>
  <controlfield tag="005">20200102094615.0</controlfield>
  <controlfield tag="008">200102n| azannaabn          |b aaa      </controlfield>
  <datafield tag="010" ind1=" " ind2=" ">
    <subfield code="a">n 2020000030</subfield>
  </datafield>
  <datafield tag="040" ind1=" " ind2=" ">
    <subfield code="a">DLC</subfield>
    <subfield code="b">eng</subfield>
    <subfield code="c">DLC</subfield>
    <subfield code="e">rda</subfield>
  </datafield>
  <datafield tag="100" ind1="1" ind2=" ">
    <subfield code="a">Ihnatʹi︠e︡v, P. M.</subfield>
    <subfield code="q">(Pavlo Mykolaĭovych)</subfield>
  </datafield>
  <datafield tag="375" ind1=" " ind2=" ">
    <subfield code="a">male</subfield>
  </datafield>
  <datafield tag="377" ind1=" " ind2=" ">
    <subfield code="a">ukr</subfield>
  </datafield>
  <datafield tag="378" ind1=" " ind2=" ">
    <subfield code="q">Pavlo Mykolaĭovych</subfield>
  </datafield>
  <datafield tag="400" ind1="1" ind2=" ">
    <subfield code="a">Ihnatʹi︠e︡v, Pavlo Mykolaĭovych</subfield>
  </datafield>
  <datafield tag="400" ind1="1" ind2=" ">
    <subfield code="a">Ігнатьєв, П. М.</subfield>
    <subfield code="q">(Павло Миколайович)</subfield>
  </datafield>
  <datafield tag="400" ind1="1" ind2=" ">
    <subfield code="a">Ігнатьєв, Павло Миколайович</subfield>
  </datafield>
  <datafield tag="667" ind1=" " ind2=" ">
    <subfield code="a">Non-Latin script reference not evaluated.</subfield>
  </datafield>
  <datafield tag="670" ind1=" " ind2=" ">
    <subfield code="a">Pakystan, 2014:</subfield>
    <subfield code="b">title page (П.М. Ігнатьєв = P.M. Ihnatʹi︠e︡v) colophon (Ігнатьєв Павло Миколайович = Ihnatʹi︠e︡v Pavlo Mykolaĭovych)</subfield>
  </datafield>
  <datafield tag="953" ind1=" " ind2=" ">
    <subfield code="a">fc04</subfield>
  </datafield>
</record>