
<record>
  <leader>00741cz  a2200157n  4500</leader>
  <controlfield tag="001">11257088</controlfield>
  <controlfield tag="003">DLC</controlfield>
  <controlfield tag="005">20200102094756.0</controlfield>
  <controlfield tag="008">200102 | azannbabn          |n ana      </controlfield>
  <datafield tag="010" ind1=" " ind2=" ">
    <subfield code="a">n 2020000028</subfield>
  </datafield>
  <datafield tag="040" ind1=" " ind2=" ">
    <subfield code="a">DLC</subfield>
    <subfield code="b">eng</subfield>
    <subfield code="e">rda</subfield>
    <subfield code="c">DLC</subfield>
  </datafield>
  <datafield tag="110" ind1="2" ind2=" ">
    <subfield code="a">Université de Kamina</subfield>
  </datafield>
  <datafield tag="368" ind1=" " ind2=" ">
    <subfield code="a">Universities and colleges</subfield>
    <subfield code="2">lcsh</subfield>
  </datafield>
  <datafield tag="370" ind1=" " ind2=" ">
    <subfield code="e">Haut-Lomami (Congo)</subfield>
    <subfield code="2">naf</subfield>
  </datafield>
  <datafield tag="670" ind1=" " ind2=" ">
    <subfield code="a">Work cat.: Banza Lenge Kikwike, Paulin. Regard sur l&apos;Université de Kamina, 2018:</subfield>
    <subfield code="b">(acteur du développement de la province du Haut-Lomami en République démcratique du Congo)</subfield>
  </datafield>
  <datafield tag="670" ind1=" " ind2=" ">
    <subfield code="a">Wikipedia, 2020-01-02</subfield>
    <subfield code="b">(L&apos;université de Kamina (UNIKAM) est une université publique de la République démocratique du Congo, située dans la province du Haut-Lomami, ville de Kamina)</subfield>
  </datafield>
</record>