
<record>
  <leader>00445cz  a2200157n  4500</leader>
  <controlfield tag="001">11257089</controlfield>
  <controlfield tag="003">DLC</controlfield>
  <controlfield tag="005">20200102094745.0</controlfield>
  <controlfield tag="008">200102n| azannaabn          |n aaa      </controlfield>
  <datafield tag="010" ind1=" " ind2=" ">
    <subfield code="a">n 2020000031</subfield>
  </datafield>
  <datafield tag="040" ind1=" " ind2=" ">
    <subfield code="a">DLC</subfield>
    <subfield code="b">eng</subfield>
    <subfield code="e">rda</subfield>
    <subfield code="c">DLC</subfield>
  </datafield>
  <datafield tag="100" ind1="1" ind2=" ">
    <subfield code="a">Pouc̆ki, Milana,</subfield>
    <subfield code="d">1991-</subfield>
  </datafield>
  <datafield tag="370" ind1=" " ind2=" ">
    <subfield code="a">Zrenjanin (Serbia)</subfield>
    <subfield code="2">naf</subfield>
  </datafield>
  <datafield tag="375" ind1=" " ind2=" ">
    <subfield code="a">female</subfield>
  </datafield>
  <datafield tag="377" ind1=" " ind2=" ">
    <subfield code="a">srp</subfield>
  </datafield>
  <datafield tag="670" ind1=" " ind2=" ">
    <subfield code="a">Je li Andrić nadigran?, 2018:</subfield>
    <subfield code="b">title page (Milana Pouc̆ki) page 223 (born 1991 in Zrenjanin)</subfield>
  </datafield>
</record>