
<record>
  <leader>00734cz  a2200169n  4500</leader>
  <controlfield tag="001">11257090</controlfield>
  <controlfield tag="003">DLC</controlfield>
  <controlfield tag="005">20200102095448.0</controlfield>
  <controlfield tag="008">200102n| azannaabn          |n ana      </controlfield>
  <datafield tag="010" ind1=" " ind2=" ">
    <subfield code="a">n 2020000029</subfield>
  </datafield>
  <datafield tag="040" ind1=" " ind2=" ">
    <subfield code="a">DLC</subfield>
    <subfield code="b">eng</subfield>
    <subfield code="c">DLC</subfield>
    <subfield code="e">rda</subfield>
  </datafield>
  <datafield tag="046" ind1=" " ind2=" ">
    <subfield code="s">2016-11-24</subfield>
    <subfield code="t">2016-11-24</subfield>
    <subfield code="2">edtf</subfield>
  </datafield>
  <datafield tag="111" ind1="2" ind2=" ">
    <subfield code="a">Tagung &quot;Land und Stadt--Lebenswelten und Planerische Praxis&quot;</subfield>
    <subfield code="d">(2016 :</subfield>
    <subfield code="c">Göttingen, Germany)</subfield>
  </datafield>
  <datafield tag="368" ind1=" " ind2=" ">
    <subfield code="a">Conference</subfield>
  </datafield>
  <datafield tag="370" ind1=" " ind2=" ">
    <subfield code="c">Germany</subfield>
    <subfield code="2">naf</subfield>
  </datafield>
  <datafield tag="377" ind1=" " ind2=" ">
    <subfield code="a">ger</subfield>
  </datafield>
  <datafield tag="670" ind1=" " ind2=" ">
    <subfield code="a">Tagungsband &quot;Land und Stadt--Lebenswelten und planerische Praxis&quot; 24. November 2016, 2017:</subfield>
    <subfield code="b">page 4 (Tagung &quot;Land und Stadt--Lebenswelten und Planerische Praxis&quot;; held November 24, 2016 in Göttingen) page 7 (5th Forum Regionalmanagement und Wirtschaftsförderung held at HAWK)</subfield>
  </datafield>
</record>