
<record>
  <leader>00426nz  a2200133n  4500</leader>
  <controlfield tag="001">11257091</controlfield>
  <controlfield tag="003">DLC</controlfield>
  <controlfield tag="005">20200102095315.0</controlfield>
  <controlfield tag="008">200102n| azannaabn          |a aaa      </controlfield>
  <datafield tag="010" ind1=" " ind2=" ">
    <subfield code="a">n 2020000032</subfield>
  </datafield>
  <datafield tag="040" ind1=" " ind2=" ">
    <subfield code="a">DLC</subfield>
    <subfield code="b">eng</subfield>
    <subfield code="e">rda</subfield>
    <subfield code="c">DLC</subfield>
  </datafield>
  <datafield tag="100" ind1="1" ind2=" ">
    <subfield code="a">Daiches, David,</subfield>
    <subfield code="d">1912-2005.</subfield>
    <subfield code="t">Critical approaches to literature.</subfield>
    <subfield code="l">Arabic</subfield>
  </datafield>
  <datafield tag="400" ind1="1" ind2=" ">
    <subfield code="a">Daiches, David,</subfield>
    <subfield code="d">1912-2005.</subfield>
    <subfield code="t">Manāhij al-naqd al-ʻAdabī</subfield>
  </datafield>
  <datafield tag="670" ind1=" " ind2=" ">
    <subfield code="a">Manāhij al-naqd al-ʻAdabī, 1967</subfield>
  </datafield>
</record>