
<record>
  <leader>00861nz  a2200145n  4500</leader>
  <controlfield tag="001">11257092</controlfield>
  <controlfield tag="003">DLC</controlfield>
  <controlfield tag="005">20200102095800.0</controlfield>
  <controlfield tag="008">200102n| azannaabn           n aaa      </controlfield>
  <datafield tag="010" ind1=" " ind2=" ">
    <subfield code="a">n 2020000027</subfield>
  </datafield>
  <datafield tag="040" ind1=" " ind2=" ">
    <subfield code="a">DLC</subfield>
    <subfield code="b">eng</subfield>
    <subfield code="e">rda</subfield>
    <subfield code="c">DLC</subfield>
  </datafield>
  <datafield tag="100" ind1="1" ind2=" ">
    <subfield code="a">Azim, Fahmida</subfield>
  </datafield>
  <datafield tag="374" ind1=" " ind2=" ">
    <subfield code="a">Illustrators</subfield>
    <subfield code="2">naf</subfield>
  </datafield>
  <datafield tag="670" ind1=" " ind2=" ">
    <subfield code="a">Muslim women are everything, 2020:</subfield>
    <subfield code="b">ECIP title page (Fahmida Azim) galley (Fahmida Azim is an illustrator, graphic designer, author, and tea drinker. From Muslim women vampires to brown-skinned mermaids, Fahmida creates art at the intersections of identity, culture, and autonomy using digital software, acrylics, gouache, and ink. Her work often appears in the New York Times and on NPR.com)</subfield>
  </datafield>
  <datafield tag="670" ind1=" " ind2=" ">
    <subfield code="a">Full Circle Literary website, Jan. 2, 2019</subfield>
    <subfield code="b">(Originally from Bangladesh, Fahmida Azim is an illustrator, author, and tea drinker; represented by Lilly Ghahremani)</subfield>
  </datafield>
</record>