
<record>
  <leader>00391cz  a2200121n  4500</leader>
  <controlfield tag="001">11257093</controlfield>
  <controlfield tag="003">DLC</controlfield>
  <controlfield tag="005">20200102100931.0</controlfield>
  <controlfield tag="008">200102n| azannaabn          |n aaa     d</controlfield>
  <datafield tag="010" ind1=" " ind2=" ">
    <subfield code="a"> n 2020000034</subfield>
  </datafield>
  <datafield tag="040" ind1=" " ind2=" ">
    <subfield code="a">DLC</subfield>
    <subfield code="b">eng</subfield>
    <subfield code="c">DLC</subfield>
    <subfield code="e">rda</subfield>
  </datafield>
  <datafield tag="100" ind1="1" ind2=" ">
    <subfield code="a">Bottyán, Zoltán</subfield>
  </datafield>
  <datafield tag="670" ind1=" " ind2=" ">
    <subfield code="a">Nemzeti konzultáció Trianonról, 2018:</subfield>
    <subfield code="b">title page (Bottyán Zoltán) p. 6 (vice pres. of Magyaror Világszövetsége)</subfield>
  </datafield>
</record>