
<record>
  <leader>00419nz  a2200133n  4500</leader>
  <controlfield tag="001">11257094</controlfield>
  <controlfield tag="003">DLC</controlfield>
  <controlfield tag="005">20200102101130.0</controlfield>
  <controlfield tag="008">200102n| azannaabn          |n aaa      </controlfield>
  <datafield tag="010" ind1=" " ind2=" ">
    <subfield code="a">n 2020000036</subfield>
  </datafield>
  <datafield tag="040" ind1=" " ind2=" ">
    <subfield code="a">DLC</subfield>
    <subfield code="b">eng</subfield>
    <subfield code="e">rda</subfield>
    <subfield code="c">DLC</subfield>
  </datafield>
  <datafield tag="100" ind1="1" ind2=" ">
    <subfield code="a">Hagan, Raymond D.,</subfield>
    <subfield code="d">1928-</subfield>
  </datafield>
  <datafield tag="370" ind1=" " ind2=" ">
    <subfield code="a">Jefferson County (Mo.)</subfield>
    <subfield code="2">naf</subfield>
  </datafield>
  <datafield tag="670" ind1=" " ind2=" ">
    <subfield code="a">My First One Hundred Years, 2014:</subfield>
    <subfield code="b">title page (Raymond D. Hagan) p. 28 (born 1928 in Jefferson County, Mo.)</subfield>
  </datafield>
</record>