
<record>
  <leader>00495nz  a2200133n  4500</leader>
  <controlfield tag="001">11257095</controlfield>
  <controlfield tag="003">DLC</controlfield>
  <controlfield tag="005">20200102101233.0</controlfield>
  <controlfield tag="008">200102n| azannaabn          |n aaa      </controlfield>
  <datafield tag="010" ind1=" " ind2=" ">
    <subfield code="a">n 2020000035</subfield>
  </datafield>
  <datafield tag="040" ind1=" " ind2=" ">
    <subfield code="a">DLC</subfield>
    <subfield code="b">eng</subfield>
    <subfield code="e">rda</subfield>
    <subfield code="c">DLC</subfield>
  </datafield>
  <datafield tag="100" ind1="1" ind2=" ">
    <subfield code="a">Valtat, Alain,</subfield>
    <subfield code="d">1947 March 11-</subfield>
  </datafield>
  <datafield tag="670" ind1=" " ind2=" ">
    <subfield code="a">Le lustre, 2016:</subfield>
    <subfield code="b">title page (Alain Valtat)</subfield>
  </datafield>
  <datafield tag="670" ind1=" " ind2=" ">
    <subfield code="a">Bib. nat., Jan. 2, 2020</subfield>
    <subfield code="b">(Valtat, Alain, 1947- céramiste; b. 1947-3-11; conflicts with Alain Valtat born 1947-07-02, author of Historique [du Plessis-Robinson])</subfield>
  </datafield>
</record>