
<record>
  <leader>00860cz  a2200205n  4500</leader>
  <controlfield tag="001">11257096</controlfield>
  <controlfield tag="003">DLC</controlfield>
  <controlfield tag="005">20200102101804.0</controlfield>
  <controlfield tag="008">200102n| azannaabn          |n aaa      </controlfield>
  <datafield tag="010" ind1=" " ind2=" ">
    <subfield code="a">n 2020000039</subfield>
  </datafield>
  <datafield tag="040" ind1=" " ind2=" ">
    <subfield code="a">DLC</subfield>
    <subfield code="b">eng</subfield>
    <subfield code="e">rda</subfield>
    <subfield code="c">DLC</subfield>
  </datafield>
  <datafield tag="046" ind1=" " ind2=" ">
    <subfield code="f">1947</subfield>
    <subfield code="2">edtf</subfield>
  </datafield>
  <datafield tag="100" ind1="1" ind2=" ">
    <subfield code="a">Jacob, Pascal,</subfield>
    <subfield code="d">1947-</subfield>
  </datafield>
  <datafield tag="373" ind1=" " ind2=" ">
    <subfield code="a">Handidactique (Association)</subfield>
  </datafield>
  <datafield tag="373" ind1=" " ind2=" ">
    <subfield code="a">Fondation internationale de la recherche appliquée sur le handicap</subfield>
  </datafield>
  <datafield tag="373" ind1=" " ind2=" ">
    <subfield code="a">Fondation hospitalière de France</subfield>
  </datafield>
  <datafield tag="375" ind1=" " ind2=" ">
    <subfield code="a">male</subfield>
  </datafield>
  <datafield tag="377" ind1=" " ind2=" ">
    <subfield code="a">fre</subfield>
  </datafield>
  <datafield tag="670" ind1=" " ind2=" ">
    <subfield code="a">Liberté, égalité, autonomie, 2018:</subfield>
    <subfield code="b">title page (Pascal Jacob) cover page 4 ( president of the association Handidactique, manager of FIRAH, Fondation internationale de la recherche appliquée sur le handicap and of FHF, Fondation hospitalière de France)</subfield>
  </datafield>
  <datafield tag="670" ind1=" " ind2=" ">
    <subfield code="a">BNF catalog, viewed Jan. 2, 2020:</subfield>
    <subfield code="b">heading (Jacob, Pascal (1947-....))</subfield>
  </datafield>
</record>