
<record>
  <leader>00549cz  a2200145n  4500</leader>
  <controlfield tag="001">11257097</controlfield>
  <controlfield tag="003">DLC</controlfield>
  <controlfield tag="005">20200102110201.0</controlfield>
  <controlfield tag="008">200102n| azannaabn          |n aaa      </controlfield>
  <datafield tag="010" ind1=" " ind2=" ">
    <subfield code="a">n 2020000033</subfield>
  </datafield>
  <datafield tag="040" ind1=" " ind2=" ">
    <subfield code="a">DLC</subfield>
    <subfield code="b">eng</subfield>
    <subfield code="e">rda</subfield>
    <subfield code="c">DLC</subfield>
  </datafield>
  <datafield tag="100" ind1="1" ind2=" ">
    <subfield code="a">Sanoko, Sada,</subfield>
    <subfield code="d">1995-2016</subfield>
  </datafield>
  <datafield tag="375" ind1=" " ind2=" ">
    <subfield code="a">Males</subfield>
    <subfield code="2">lcdgt</subfield>
  </datafield>
  <datafield tag="377" ind1=" " ind2=" ">
    <subfield code="a">fre</subfield>
  </datafield>
  <datafield tag="670" ind1=" " ind2=" ">
    <subfield code="a">A mougoulen do, 2019:</subfield>
    <subfield code="b">title page (Sada Sanoko) cover p. 4. (b. 28 June 1995 in Williams Ville, Abidjan, [Côte d&apos;Ivoire] ; attended Askia Mohamed secondary school, Bamako until his death in 2016 during his final year at the school)</subfield>
  </datafield>
</record>