
<record>
  <leader>00410cz  a2200121n  4500</leader>
  <controlfield tag="001">11257098</controlfield>
  <controlfield tag="003">DLC</controlfield>
  <controlfield tag="005">20200102110922.0</controlfield>
  <controlfield tag="008">200102n| azannaabn          |n ana     d</controlfield>
  <datafield tag="010" ind1=" " ind2=" ">
    <subfield code="a">n 2020000037</subfield>
  </datafield>
  <datafield tag="040" ind1=" " ind2=" ">
    <subfield code="a">DLC</subfield>
    <subfield code="b">eng</subfield>
    <subfield code="c">DLC</subfield>
    <subfield code="e">rda</subfield>
  </datafield>
  <datafield tag="130" ind1=" " ind2="0">
    <subfield code="a">Tea Glóriával (Radio program)</subfield>
  </datafield>
  <datafield tag="670" ind1=" " ind2=" ">
    <subfield code="a">Nemzeti konzultáció Trianonról, 2018:</subfield>
    <subfield code="b">p. 5 (radio program on the Hatoscsatorna channel with Glória Geszty as the interviewer)</subfield>
  </datafield>
</record>