
<record>
  <leader>00354nz  a2200121n  4500</leader>
  <controlfield tag="001">11257099</controlfield>
  <controlfield tag="003">DLC</controlfield>
  <controlfield tag="005">20200102101509.0</controlfield>
  <controlfield tag="008">200102n| azannaabn          |n aaa      </controlfield>
  <datafield tag="010" ind1=" " ind2=" ">
    <subfield code="a">n 2020000038</subfield>
  </datafield>
  <datafield tag="040" ind1=" " ind2=" ">
    <subfield code="a">DLC</subfield>
    <subfield code="b">eng</subfield>
    <subfield code="e">rda</subfield>
    <subfield code="c">DLC</subfield>
  </datafield>
  <datafield tag="100" ind1="1" ind2=" ">
    <subfield code="a">Wood, Janice H.</subfield>
  </datafield>
  <datafield tag="670" ind1=" " ind2=" ">
    <subfield code="a">My First One Hundred Years, 2014:</subfield>
    <subfield code="b">title page (Janice H. Wood) ix (daughter of Raymond D. Hagan)</subfield>
  </datafield>
</record>