
<record>
  <leader>00785nz  a2200121n  4500</leader>
  <controlfield tag="001">11257101</controlfield>
  <controlfield tag="003">DLC</controlfield>
  <controlfield tag="005">20200102103453.0</controlfield>
  <controlfield tag="008">200102n| azannaabn          |n ana      </controlfield>
  <datafield tag="010" ind1=" " ind2=" ">
    <subfield code="a">n 2020000041</subfield>
  </datafield>
  <datafield tag="040" ind1=" " ind2=" ">
    <subfield code="a">DLC</subfield>
    <subfield code="b">eng</subfield>
    <subfield code="e">rda</subfield>
    <subfield code="c">DLC</subfield>
  </datafield>
  <datafield tag="111" ind1="2" ind2=" ">
    <subfield code="a">Međunarodni naučni skup Usaglašavanje pravne regulative sa pravnim tekovinama (Acquis Communautaire) Evropske unije--stanje u Bosni i Hercegovine i iskustva drugih</subfield>
    <subfield code="n">(2nd :</subfield>
    <subfield code="d">2018 :</subfield>
    <subfield code="c">Banja Luka, Bosnia and Herzegovina)</subfield>
  </datafield>
  <datafield tag="670" ind1=" " ind2=" ">
    <subfield code="a">Međunarodni naučni skup Usaglašavanje pravne regulative sa pravnim tekovinama (Acquis Communautaire) Evropske unije, 2018:</subfield>
    <subfield code="b">title page (Međunarodni naučni skup Usaglašavanje pravne regulative sa pravnim tekovinama; held March 30, 2018 in Banja Luka) page xiv (II Međunarodne naučne konferencije na temu ... )</subfield>
  </datafield>
</record>