
<record>
  <leader>00544nz  a2200157n  4500</leader>
  <controlfield tag="001">11257102</controlfield>
  <controlfield tag="003">DLC</controlfield>
  <controlfield tag="005">20200102103506.0</controlfield>
  <controlfield tag="008">200102n| azannaabn          |a aaa      </controlfield>
  <datafield tag="010" ind1=" " ind2=" ">
    <subfield code="a">n 2020000042</subfield>
  </datafield>
  <datafield tag="040" ind1=" " ind2=" ">
    <subfield code="a">DLC</subfield>
    <subfield code="b">eng</subfield>
    <subfield code="e">rda</subfield>
    <subfield code="c">DLC</subfield>
  </datafield>
  <datafield tag="053" ind1=" " ind2="0">
    <subfield code="a">PS3612.Y5524</subfield>
  </datafield>
  <datafield tag="100" ind1="1" ind2=" ">
    <subfield code="a">Lynne, Vivyan</subfield>
  </datafield>
  <datafield tag="400" ind1="1" ind2=" ">
    <subfield code="a">Woods, Vivyan</subfield>
  </datafield>
  <datafield tag="670" ind1=" " ind2=" ">
    <subfield code="a">Love hope repeat, 2019:</subfield>
    <subfield code="b">title page (Vivyan Lynne)</subfield>
  </datafield>
  <datafield tag="670" ind1=" " ind2=" ">
    <subfield code="a">Copyright catalog, viewed January 2, 2020</subfield>
    <subfield code="b">(Title: Love hope repeat ; Authorship on Application: Vivyan Lynne, pseud. of Vivyan Woods; Citizenship: United States)</subfield>
  </datafield>
</record>