
<record>
  <leader>00406cz  a2200145n  4500</leader>
  <controlfield tag="001">11257103</controlfield>
  <controlfield tag="003">DLC</controlfield>
  <controlfield tag="005">20200102103544.0</controlfield>
  <controlfield tag="008">200102n| azannaabn          |n aaa      </controlfield>
  <datafield tag="010" ind1=" " ind2=" ">
    <subfield code="a">n 2020000043</subfield>
  </datafield>
  <datafield tag="040" ind1=" " ind2=" ">
    <subfield code="a">DLC</subfield>
    <subfield code="b">eng</subfield>
    <subfield code="e">rda</subfield>
    <subfield code="c">DLC</subfield>
  </datafield>
  <datafield tag="100" ind1="1" ind2=" ">
    <subfield code="a">Tanzer, Michael,</subfield>
    <subfield code="c">(Professor)</subfield>
  </datafield>
  <datafield tag="372" ind1=" " ind2=" ">
    <subfield code="a">Law</subfield>
    <subfield code="2">lcsh</subfield>
  </datafield>
  <datafield tag="374" ind1=" " ind2=" ">
    <subfield code="a">Law teachers</subfield>
    <subfield code="2">lcsh</subfield>
  </datafield>
  <datafield tag="670" ind1=" " ind2=" ">
    <subfield code="a">BAO 2014 / 2015, 2014:</subfield>
    <subfield code="b">title page (emer. Univ.-Prof. Dr. Michael Tanzer)</subfield>
  </datafield>
</record>