
<record>
  <leader>00447nz  a2200145n  4500</leader>
  <controlfield tag="001">11257104</controlfield>
  <controlfield tag="003">DLC</controlfield>
  <controlfield tag="005">20200102104056.0</controlfield>
  <controlfield tag="008">200102n| azannaabn          |b aaa      </controlfield>
  <datafield tag="010" ind1=" " ind2=" ">
    <subfield code="a">n 2020000045</subfield>
  </datafield>
  <datafield tag="040" ind1=" " ind2=" ">
    <subfield code="a">DLC</subfield>
    <subfield code="b">eng</subfield>
    <subfield code="e">rda</subfield>
    <subfield code="c">DLC</subfield>
  </datafield>
  <datafield tag="100" ind1="1" ind2=" ">
    <subfield code="a">Najim, Muḥammad Yūsuf</subfield>
  </datafield>
  <datafield tag="400" ind1="1" ind2=" ">
    <subfield code="a">‏نجم، محمد يوسف.</subfield>
  </datafield>
  <datafield tag="667" ind1=" " ind2=" ">
    <subfield code="a">Non-Latin script reference not evaluated.</subfield>
  </datafield>
  <datafield tag="670" ind1=" " ind2=" ">
    <subfield code="a">Manāhij al-naqd al-adabī, 1967:</subfield>
    <subfield code="b">title page (Muḥammad Yūsuf Najim)</subfield>
  </datafield>
</record>