
<record>
  <leader>00816cz  a2200181n  4500</leader>
  <controlfield tag="001">11257105</controlfield>
  <controlfield tag="003">DLC</controlfield>
  <controlfield tag="005">20200102105229.0</controlfield>
  <controlfield tag="008">200102n| azannaabn          |n aaa      </controlfield>
  <datafield tag="010" ind1=" " ind2=" ">
    <subfield code="a">n 2020000046</subfield>
  </datafield>
  <datafield tag="040" ind1=" " ind2=" ">
    <subfield code="a">DLC</subfield>
    <subfield code="b">eng</subfield>
    <subfield code="e">rda</subfield>
    <subfield code="c">DLC</subfield>
  </datafield>
  <datafield tag="100" ind1="1" ind2=" ">
    <subfield code="a">Youmni, Abdelghani</subfield>
  </datafield>
  <datafield tag="372" ind1=" " ind2=" ">
    <subfield code="a">Economics</subfield>
    <subfield code="a">Public administration</subfield>
    <subfield code="2">lcsh</subfield>
  </datafield>
  <datafield tag="373" ind1=" " ind2=" ">
    <subfield code="a">Université de Nice-Sophia Antipolis</subfield>
    <subfield code="2">naf</subfield>
  </datafield>
  <datafield tag="373" ind1=" " ind2=" ">
    <subfield code="a">Institut d&apos;études politiques de Bordeaux</subfield>
    <subfield code="2">naf</subfield>
  </datafield>
  <datafield tag="375" ind1=" " ind2=" ">
    <subfield code="a">male</subfield>
  </datafield>
  <datafield tag="377" ind1=" " ind2=" ">
    <subfield code="a">fre</subfield>
  </datafield>
  <datafield tag="670" ind1=" " ind2=" ">
    <subfield code="a">Le Maroc et ses riverains méditerranéens, 2019:</subfield>
    <subfield code="b">title page (Abdelghani Youmni) cover page 4 (doctor in economics and public management, graduate of Université Sophia Antipolis in Nice ; associate professor, was head of the French-Moroccan branch of Sciences Po Bordeaux, teaches the panafrican MBA of Honoris United Universities)</subfield>
  </datafield>
</record>