
<record>
  <leader>00439nz  a2200133n  4500</leader>
  <controlfield tag="001">11257106</controlfield>
  <controlfield tag="003">DLC</controlfield>
  <controlfield tag="005">20200102105743.0</controlfield>
  <controlfield tag="008">200102n| azannaabn          |n aaa      </controlfield>
  <datafield tag="010" ind1=" " ind2=" ">
    <subfield code="a">n 2020000048</subfield>
  </datafield>
  <datafield tag="040" ind1=" " ind2=" ">
    <subfield code="a">DLC</subfield>
    <subfield code="b">eng</subfield>
    <subfield code="e">rda</subfield>
    <subfield code="c">DLC</subfield>
  </datafield>
  <datafield tag="053" ind1=" " ind2="0">
    <subfield code="a">PS3613.I5986</subfield>
  </datafield>
  <datafield tag="100" ind1="1" ind2=" ">
    <subfield code="a">Minges, Sara</subfield>
  </datafield>
  <datafield tag="670" ind1=" " ind2=" ">
    <subfield code="a">Naked toes, 2018:</subfield>
    <subfield code="b">title page (Sara Minges) page 4 of cover (Play and happiness expert; owner of Playful Awareness, a play therapy practices in Lenexa, KS)</subfield>
  </datafield>
</record>