
<record>
  <leader>00418cz  a2200145n  4500</leader>
  <controlfield tag="001">11257107</controlfield>
  <controlfield tag="003">DLC</controlfield>
  <controlfield tag="005">20200102105914.0</controlfield>
  <controlfield tag="008">200102n| azannaabn          |n aaa      </controlfield>
  <datafield tag="010" ind1=" " ind2=" ">
    <subfield code="a">n 2020000050</subfield>
  </datafield>
  <datafield tag="040" ind1=" " ind2=" ">
    <subfield code="a">DLC</subfield>
    <subfield code="b">eng</subfield>
    <subfield code="e">rda</subfield>
    <subfield code="c">DLC</subfield>
  </datafield>
  <datafield tag="046" ind1=" " ind2=" ">
    <subfield code="f">1976</subfield>
    <subfield code="2">edtf</subfield>
  </datafield>
  <datafield tag="100" ind1="1" ind2=" ">
    <subfield code="a">Perić, Vladimir B.,</subfield>
    <subfield code="d">1976-</subfield>
  </datafield>
  <datafield tag="374" ind1=" " ind2=" ">
    <subfield code="a">Critics</subfield>
    <subfield code="2">lcsh</subfield>
  </datafield>
  <datafield tag="670" ind1=" " ind2=" ">
    <subfield code="a">Egzegeze, 2018-:</subfield>
    <subfield code="b">title page (Vladimir B. Perić) back cover (born 1976, literary critic)</subfield>
  </datafield>
</record>