
<record>
  <leader>00362cz  a2200133n  4500</leader>
  <controlfield tag="001">11257109</controlfield>
  <controlfield tag="003">DLC</controlfield>
  <controlfield tag="005">20200102110050.0</controlfield>
  <controlfield tag="008">200102n| azannaabn          |a aaa      </controlfield>
  <datafield tag="010" ind1=" " ind2=" ">
    <subfield code="a">n 2020000053</subfield>
  </datafield>
  <datafield tag="040" ind1=" " ind2=" ">
    <subfield code="a">DLC</subfield>
    <subfield code="b">eng</subfield>
    <subfield code="e">rda</subfield>
    <subfield code="c">DLC</subfield>
  </datafield>
  <datafield tag="100" ind1="1" ind2=" ">
    <subfield code="a">Perić, Vladimir B.,</subfield>
    <subfield code="d">1976-</subfield>
    <subfield code="t">Essays.</subfield>
    <subfield code="k">Selections</subfield>
  </datafield>
  <datafield tag="400" ind1="1" ind2=" ">
    <subfield code="a">Perić, Vladimir B.,</subfield>
    <subfield code="d">1976-</subfield>
    <subfield code="t">Egzegeze</subfield>
  </datafield>
  <datafield tag="670" ind1=" " ind2=" ">
    <subfield code="a">Egzegeze, 2018-</subfield>
  </datafield>
</record>