
<record>
  <leader>00399nz  a2200133n  4500</leader>
  <controlfield tag="001">11257110</controlfield>
  <controlfield tag="003">DLC</controlfield>
  <controlfield tag="005">20200102110154.0</controlfield>
  <controlfield tag="008">200102n| azannaabn          |n aaa      </controlfield>
  <datafield tag="010" ind1=" " ind2=" ">
    <subfield code="a">n 2020000049</subfield>
    <subfield code="z">n  94048587 </subfield>
  </datafield>
  <datafield tag="040" ind1=" " ind2=" ">
    <subfield code="a">DLC</subfield>
    <subfield code="b">eng</subfield>
    <subfield code="e">rda</subfield>
    <subfield code="c">DLC</subfield>
  </datafield>
  <datafield tag="100" ind1="1" ind2=" ">
    <subfield code="a">Adams, Marc</subfield>
  </datafield>
  <datafield tag="667" ind1=" " ind2=" ">
    <subfield code="a">Formerly on undifferentiated name record: n  94048587</subfield>
  </datafield>
  <datafield tag="670" ind1=" " ind2=" ">
    <subfield code="a">Working with plastic laminates, c1994:</subfield>
    <subfield code="b">CIP t.p. (Marc Adams)</subfield>
  </datafield>
</record>