
<record>
  <leader>00497cz  a2200133n  4500</leader>
  <controlfield tag="001">11257111</controlfield>
  <controlfield tag="003">DLC</controlfield>
  <controlfield tag="005">20200102110406.0</controlfield>
  <controlfield tag="008">200102n| azannaabn          sa ana      </controlfield>
  <datafield tag="010" ind1=" " ind2=" ">
    <subfield code="a">n 2020000054</subfield>
  </datafield>
  <datafield tag="040" ind1=" " ind2=" ">
    <subfield code="a">DLC</subfield>
    <subfield code="b">eng</subfield>
    <subfield code="e">rda</subfield>
    <subfield code="c">DLC</subfield>
  </datafield>
  <datafield tag="110" ind1="1" ind2=" ">
    <subfield code="a">Michigan.</subfield>
    <subfield code="b">Bureau of Services for Blind Persons</subfield>
  </datafield>
  <datafield tag="410" ind1="1" ind2=" ">
    <subfield code="a">Michigan.</subfield>
    <subfield code="b">Department of Licensing and Regulatory Affairs.</subfield>
    <subfield code="b">Bureau of Services for Blind Persons</subfield>
  </datafield>
  <datafield tag="670" ind1=" " ind2=" ">
    <subfield code="a">Bureau of Services for Blind Persons, 2017:</subfield>
    <subfield code="b">title page (Bureau of Services for Blind Persons)</subfield>
  </datafield>
</record>