
<record>
  <leader>00844nz  a2200145n  4500</leader>
  <controlfield tag="001">11257112</controlfield>
  <controlfield tag="003">DLC</controlfield>
  <controlfield tag="005">20200102110359.0</controlfield>
  <controlfield tag="008">200102n| azannaabn          |a ana      </controlfield>
  <datafield tag="010" ind1=" " ind2=" ">
    <subfield code="a">n 2020000052</subfield>
  </datafield>
  <datafield tag="040" ind1=" " ind2=" ">
    <subfield code="a">DLC</subfield>
    <subfield code="b">eng</subfield>
    <subfield code="e">rda</subfield>
    <subfield code="c">DLC</subfield>
  </datafield>
  <datafield tag="111" ind1="2" ind2=" ">
    <subfield code="a">Sympozjum Naukowe pt. &quot;Jastków i Okolice w Walce o Wolną i Niepodległą--Ludzie, Miejsca, Wydarzenia&quot;</subfield>
    <subfield code="d">(2018 :</subfield>
    <subfield code="c">Jastków, Poland)</subfield>
  </datafield>
  <datafield tag="411" ind1="2" ind2=" ">
    <subfield code="a">Sympozjum Naukowe pod tytułem &quot;Jastków i Okolice w Walce o Wolną i Niepodległą--Ludzie, Miejsca, Wydarzenia&quot;</subfield>
    <subfield code="d">(2018 :</subfield>
    <subfield code="c">Jastków, Poland)</subfield>
  </datafield>
  <datafield tag="670" ind1=" " ind2=" ">
    <subfield code="a">Jastków i okolice w walce o wolną i niepodległą, 2018:</subfield>
    <subfield code="b">p. 7 (conference held in Jastków in June 2018)</subfield>
  </datafield>
  <datafield tag="670" ind1=" " ind2=" ">
    <subfield code="a">Jastków website, Jan. 2, 2020:</subfield>
    <subfield code="b">(Sympozjum naukowe pt. &quot;Jastków i okolice w walce o wolną i niepodległą: ludzie, miejsca, wydarzenia&quot;; held June 6, 2018 in Jastków)</subfield>
  </datafield>
</record>