
<record>
  <leader>00499cz  a2200145n  4500</leader>
  <controlfield tag="001">11257113</controlfield>
  <controlfield tag="003">DLC</controlfield>
  <controlfield tag="005">20200102110721.0</controlfield>
  <controlfield tag="008">200102n| azannaabn          |n aaa      </controlfield>
  <datafield tag="010" ind1=" " ind2=" ">
    <subfield code="a">n 2020000055</subfield>
  </datafield>
  <datafield tag="040" ind1=" " ind2=" ">
    <subfield code="a">DLC</subfield>
    <subfield code="b">eng</subfield>
    <subfield code="e">rda</subfield>
    <subfield code="c">DLC</subfield>
  </datafield>
  <datafield tag="100" ind1="1" ind2=" ">
    <subfield code="a">Hoffmann, Michel</subfield>
    <subfield code="c">(Lawyer)</subfield>
  </datafield>
  <datafield tag="372" ind1=" " ind2=" ">
    <subfield code="a">Law</subfield>
    <subfield code="2">lcsh</subfield>
  </datafield>
  <datafield tag="374" ind1=" " ind2=" ">
    <subfield code="a">Lawyers</subfield>
    <subfield code="2">lcsh</subfield>
  </datafield>
  <datafield tag="670" ind1=" " ind2=" ">
    <subfield code="a">Individualschutz im Betriebsverfassungsrecht, 2018:</subfield>
    <subfield code="b">title page (Michel Hoffmann) t.p. verso (Ph.D. from Univ. Heidelberg. 2018) p. [4] of cover (Lawyer in Köln since 2019)</subfield>
  </datafield>
</record>