
<record>
  <leader>00830nz  a2200181n  4500</leader>
  <controlfield tag="001">11257114</controlfield>
  <controlfield tag="003">DLC</controlfield>
  <controlfield tag="005">20200102110708.0</controlfield>
  <controlfield tag="008">200102n| azannaabn          |b aaa      </controlfield>
  <datafield tag="010" ind1=" " ind2=" ">
    <subfield code="a">n 2020000056</subfield>
  </datafield>
  <datafield tag="040" ind1=" " ind2=" ">
    <subfield code="a">DLC</subfield>
    <subfield code="b">eng</subfield>
    <subfield code="c">DLC</subfield>
    <subfield code="e">rda</subfield>
  </datafield>
  <datafield tag="100" ind1="1" ind2=" ">
    <subfield code="a">Levyt︠s︡ʹka, S. O.</subfield>
    <subfield code="q">(Svitlana Oleksiïvna)</subfield>
  </datafield>
  <datafield tag="400" ind1="1" ind2=" ">
    <subfield code="a">Levyt︠s︡ʹka, Svitlana Oleksiïvna</subfield>
  </datafield>
  <datafield tag="400" ind1="1" ind2=" ">
    <subfield code="a">Левицька, С. О.</subfield>
    <subfield code="q">(Світлана Олексіївна)</subfield>
  </datafield>
  <datafield tag="400" ind1="1" ind2=" ">
    <subfield code="a">Левицька, Світлана Олексіївна</subfield>
  </datafield>
  <datafield tag="667" ind1=" " ind2=" ">
    <subfield code="a">Non-Latin script reference not evaluated.</subfield>
  </datafield>
  <datafield tag="670" ind1=" " ind2=" ">
    <subfield code="a">Oblik ta kontrolʹ dii︠a︡lʹnosti neprybutkovykh orhanizat︠s︡iĭ, 2005:</subfield>
    <subfield code="b">title page (С.О. Левицька = S.O. Levyt︠s︡ʹka) colophon (Світлана Олексіївна Левицька = Svitlana Oleksiïvna Levyt︠s︡ʹka)</subfield>
  </datafield>
  <datafield tag="953" ind1=" " ind2=" ">
    <subfield code="a">fc04</subfield>
  </datafield>
</record>