
<record>
  <leader>00573cz  a2200157n  4500</leader>
  <controlfield tag="001">11257115</controlfield>
  <controlfield tag="003">DLC</controlfield>
  <controlfield tag="005">20200102111058.0</controlfield>
  <controlfield tag="008">200102n| azannaabn          |n aaa      </controlfield>
  <datafield tag="010" ind1=" " ind2=" ">
    <subfield code="a">n 2020000057</subfield>
  </datafield>
  <datafield tag="040" ind1=" " ind2=" ">
    <subfield code="a">DLC</subfield>
    <subfield code="b">eng</subfield>
    <subfield code="e">rda</subfield>
    <subfield code="c">DLC</subfield>
  </datafield>
  <datafield tag="100" ind1="1" ind2=" ">
    <subfield code="a">Ramel, Christine</subfield>
  </datafield>
  <datafield tag="374" ind1=" " ind2=" ">
    <subfield code="a">Journalists</subfield>
    <subfield code="2">lcsh</subfield>
  </datafield>
  <datafield tag="375" ind1=" " ind2=" ">
    <subfield code="a">female</subfield>
  </datafield>
  <datafield tag="377" ind1=" " ind2=" ">
    <subfield code="a">fre</subfield>
  </datafield>
  <datafield tag="670" ind1=" " ind2=" ">
    <subfield code="a">Ces Allemands qui font la France, 2018:</subfield>
    <subfield code="b">title page (Christine Ramel) page 2 (journalist for cultural and European projects ; involved in French-German exchanges ; she is interested in language, cultural and citizenship issues in Europe)</subfield>
  </datafield>
</record>