
<record>
  <leader>00449nz  a2200133n  4500</leader>
  <controlfield tag="001">11257116</controlfield>
  <controlfield tag="003">DLC</controlfield>
  <controlfield tag="005">20200102110936.0</controlfield>
  <controlfield tag="008">200102n| azannaabn          |a aaa      </controlfield>
  <datafield tag="010" ind1=" " ind2=" ">
    <subfield code="a">n 2020000058</subfield>
  </datafield>
  <datafield tag="040" ind1=" " ind2=" ">
    <subfield code="a">DLC</subfield>
    <subfield code="b">eng</subfield>
    <subfield code="e">rda</subfield>
    <subfield code="c">DLC</subfield>
  </datafield>
  <datafield tag="100" ind1="1" ind2=" ">
    <subfield code="a">Rosenthal, Franz,</subfield>
    <subfield code="d">1914-2003.</subfield>
    <subfield code="t">History of Muslim historiography.</subfield>
    <subfield code="l">Arabic</subfield>
  </datafield>
  <datafield tag="400" ind1="1" ind2=" ">
    <subfield code="a">Rosenthal, Franz,</subfield>
    <subfield code="d">1914-2003.</subfield>
    <subfield code="t">ʻIlm al-taʼrīkh ʻinda al-Muslimīn</subfield>
  </datafield>
  <datafield tag="670" ind1=" " ind2=" ">
    <subfield code="a">ʻIlm al-taʼrīkh ʻinda al-Muslimīn, 1963</subfield>
  </datafield>
</record>