
<record>
  <leader>00428cz  a2200133n  4500</leader>
  <controlfield tag="001">11257117</controlfield>
  <controlfield tag="003">DLC</controlfield>
  <controlfield tag="005">20200102111326.0</controlfield>
  <controlfield tag="008">200102n| azannaabn          |n aaa     d</controlfield>
  <datafield tag="010" ind1=" " ind2=" ">
    <subfield code="a">n 2020000059</subfield>
  </datafield>
  <datafield tag="040" ind1=" " ind2=" ">
    <subfield code="a">DLC</subfield>
    <subfield code="b">eng</subfield>
    <subfield code="c">DLC</subfield>
    <subfield code="e">rda</subfield>
  </datafield>
  <datafield tag="100" ind1="1" ind2=" ">
    <subfield code="a">Geszty, Glória,</subfield>
    <subfield code="d">1956-</subfield>
  </datafield>
  <datafield tag="670" ind1=" " ind2=" ">
    <subfield code="a">Nemzeti konzultáció Trianonról, 2018:</subfield>
    <subfield code="b">title page (Geszty Glória)</subfield>
  </datafield>
  <datafield tag="670" ind1=" " ind2=" ">
    <subfield code="a">LibriVision WWW site, Jan. 2, 2020</subfield>
    <subfield code="b">OPAC (hdg.: Geszty Glória, 1956-)</subfield>
  </datafield>
</record>