
<record>
  <leader>00552cz  a2200133n  4500</leader>
  <controlfield tag="001">11257118</controlfield>
  <controlfield tag="003">DLC</controlfield>
  <controlfield tag="005">20200102111958.0</controlfield>
  <controlfield tag="008">200102n| azannaabn          |a ana      </controlfield>
  <datafield tag="010" ind1=" " ind2=" ">
    <subfield code="a">n 2020000060</subfield>
  </datafield>
  <datafield tag="040" ind1=" " ind2=" ">
    <subfield code="a">DLC</subfield>
    <subfield code="b">eng</subfield>
    <subfield code="e">rda</subfield>
    <subfield code="c">DLC</subfield>
  </datafield>
  <datafield tag="110" ind1="2" ind2=" ">
    <subfield code="a">Bovine Tuberculosis Program (Michigan)</subfield>
  </datafield>
  <datafield tag="410" ind1="1" ind2=" ">
    <subfield code="a">Michigan.</subfield>
    <subfield code="b">Department of Agriculture &amp; Rural Development.</subfield>
    <subfield code="b">Animal Industry Division.</subfield>
    <subfield code="b">Bovine Tuberculosis Program</subfield>
  </datafield>
  <datafield tag="670" ind1=" " ind2=" ">
    <subfield code="a">Bovine Tuberculosis Program, 2017:</subfield>
    <subfield code="b">title page (Bovine Tuberculosis Program, established the program within MDARD&apos;s Animal Industry Division)</subfield>
  </datafield>
</record>