
<record>
  <leader>00914cz  a2200193n  4500</leader>
  <controlfield tag="001">11257119</controlfield>
  <controlfield tag="003">DLC</controlfield>
  <controlfield tag="005">20200102112316.0</controlfield>
  <controlfield tag="008">200102n| azannaabn          |n ana      </controlfield>
  <datafield tag="010" ind1=" " ind2=" ">
    <subfield code="a">n 2020000063</subfield>
  </datafield>
  <datafield tag="040" ind1=" " ind2=" ">
    <subfield code="a">DLC</subfield>
    <subfield code="b">eng</subfield>
    <subfield code="e">rda</subfield>
    <subfield code="c">DLC</subfield>
  </datafield>
  <datafield tag="110" ind1="2" ind2=" ">
    <subfield code="a">Izu Hantō Jiopāku Suishin Kyōgikai</subfield>
  </datafield>
  <datafield tag="370" ind1=" " ind2=" ">
    <subfield code="c">Japan</subfield>
    <subfield code="e">Shizuoka-ken (Japan)</subfield>
  </datafield>
  <datafield tag="371" ind1=" " ind2=" ">
    <subfield code="a">2-1-1 Ohara (inside Ito City Hall)</subfield>
    <subfield code="b">Ito City</subfield>
    <subfield code="c">Shizuoka</subfield>
    <subfield code="d">Japan</subfield>
    <subfield code="e">414-8555</subfield>
    <subfield code="m">info@izugeopark.org</subfield>
  </datafield>
  <datafield tag="377" ind1=" " ind2=" ">
    <subfield code="a">jpn</subfield>
  </datafield>
  <datafield tag="410" ind1="2" ind2=" ">
    <subfield code="a">伊豆半島ジオパーク推進協議会</subfield>
  </datafield>
  <datafield tag="410" ind1="2" ind2=" ">
    <subfield code="a">Izu Peninsula Geopark Promotion Council</subfield>
  </datafield>
  <datafield tag="670" ind1=" " ind2=" ">
    <subfield code="a">Izu Geo map, 2018:</subfield>
    <subfield code="b">(Izu Peninsula Geopark Promotion Council, Izu Hantō Jiopāku)</subfield>
  </datafield>
  <datafield tag="670" ind1=" " ind2=" ">
    <subfield code="a">Homepage of the organization, https://izugeopark.org, Jan. 2, 2020</subfield>
    <subfield code="b">(Izu Hantō Jiopāku Suishin Kyōgikai Jimukyoku, Izu Peninsula Geopark Promotion Council Bureau, Address: 838-1, Shuzenji, Izu City, Shizuoka Prefecture, 410-2416, Japan)</subfield>
  </datafield>
</record>