
<record>
  <leader>00741nz  a2200193n  4500</leader>
  <controlfield tag="001">11257120</controlfield>
  <controlfield tag="003">DLC</controlfield>
  <controlfield tag="005">20200102112132.0</controlfield>
  <controlfield tag="008">200102n| azannaabn          |a aaa      </controlfield>
  <datafield tag="010" ind1=" " ind2=" ">
    <subfield code="a">n 2020000061</subfield>
  </datafield>
  <datafield tag="040" ind1=" " ind2=" ">
    <subfield code="a">DLC</subfield>
    <subfield code="b">eng</subfield>
    <subfield code="e">rda</subfield>
    <subfield code="c">DLC</subfield>
  </datafield>
  <datafield tag="100" ind1="1" ind2=" ">
    <subfield code="a">Archambault, A.</subfield>
    <subfield code="q">(Amédée)</subfield>
  </datafield>
  <datafield tag="370" ind1=" " ind2=" ">
    <subfield code="c">Canada</subfield>
    <subfield code="e">Athabasca (Alta.)</subfield>
    <subfield code="2">naf</subfield>
  </datafield>
  <datafield tag="374" ind1=" " ind2=" ">
    <subfield code="a">Composers</subfield>
    <subfield code="2">lcdgt</subfield>
  </datafield>
  <datafield tag="400" ind1="1" ind2=" ">
    <subfield code="a">Archambault, Amédée</subfield>
  </datafield>
  <datafield tag="400" ind1="1" ind2=" ">
    <subfield code="a">Archambault, Amede</subfield>
  </datafield>
  <datafield tag="670" ind1=" " ind2=" ">
    <subfield code="a">Archambault, A. The Colossus of Swat, 1929:</subfield>
    <subfield code="b">caption (A. Archambault)</subfield>
  </datafield>
  <datafield tag="670" ind1=" " ind2=" ">
    <subfield code="a">U.S. copyright catalog, 1929, accessed via HathiTrust, January 2, 2020</subfield>
    <subfield code="b">(Amédée Archambault, Athabasca, Alberta, Canada)</subfield>
  </datafield>
  <datafield tag="670" ind1=" " ind2=" ">
    <subfield code="a">Ancestry Library WWW site, January 2, 2020</subfield>
    <subfield code="b">(Amédée Archambault; Amede Archambault)</subfield>
  </datafield>
</record>