
<record>
  <leader>00327cz  a2200121n  4500</leader>
  <controlfield tag="001">11257121</controlfield>
  <controlfield tag="003">DLC</controlfield>
  <controlfield tag="005">20200102112504.0</controlfield>
  <controlfield tag="008">200102n| azannaabn          |n aaa     d</controlfield>
  <datafield tag="010" ind1=" " ind2=" ">
    <subfield code="a">n 2020000065</subfield>
  </datafield>
  <datafield tag="040" ind1=" " ind2=" ">
    <subfield code="a">DLC</subfield>
    <subfield code="b">eng</subfield>
    <subfield code="c">DLC</subfield>
    <subfield code="e">rda</subfield>
  </datafield>
  <datafield tag="100" ind1="1" ind2=" ">
    <subfield code="a">Vajta, Dénes</subfield>
  </datafield>
  <datafield tag="670" ind1=" " ind2=" ">
    <subfield code="a">A korai magyarok, 2018:</subfield>
    <subfield code="b">verso title page (Vajta, Dénes; translator)</subfield>
  </datafield>
</record>
</collection>
